3157 4938
1178 305 1617 369 -73-..

423 485 622 558 Atque
683 487 744 542 in
802 493 919 542 tres
981 493 1180 560 partes
1243 495 1490 544 coactus
1553 495 1646 544 est
1704 488 1936 562 spicula
1995 489 2385 546 advocatoria
2430 491 2573 547 diri-

206 607 390 665 gere:
457 593 520 648 in
567 591 860 660 ethniCOS,
923 593 985 648 in
1032 594 1385 662 haeretiCOS,
1435 595 1498 651 in
1543 593 1884 669 psychiCOS‚
1933 611 2085 668 quos
2132 604 2326 653 vocat.

422 697 494 754 In
551 689 859 756 ‘ethnicos’
927 716 1092 756 arma
1163 718 1274 757 sua
1328 701 1639 769 convertit,
1706 700 2040 759 defendens
2100 702 2283 759 fidem
2352 710 2413 760 et
2480 705 2575 761 di·

205 805 528 880 sciplinam
578 804 1066 876 Christianorum,
1137 807 1450 864 haereticis
1499 795 2037 883 ‘praescriptiones'
2113 841 2196 852 -
2267 817 2334 866 ut
2391 811 2573 868 verbo

210 913 398 986 ipsius
447 920 581 968 utar
626 943 710 954 -—
761 913 946 970 obicit
991 914 1148 971 sicut
1193 915 1465 977 diversae
1511 916 1683 988 parti,
1744 915 1911 988 quod
1969 933 2007 972 a
2064 924 2228 974 recta
2284 919 2379 975 via
2434 919 2574 975 fidei

169 1026 274 1075 -et
319 1019 674 1094 disciplinae
719 1020 1139 1088 aberraverint,
1187 1021 1250 1076 in
1295 1019 1616 1094 psychicos
1666 1019 1745 1098 (h.
1788 1039 1841 1078 e.
1890 1019 2230 1100 ecclesiam)
2278 1023 2575 1082 invehitur

208 1132 454 1200 propter
524 1125 926 1183 defectionem
987 1128 1357 1201 disciplinae,
1428 1135 1752 1200 postquam
1812 1128 1940 1202 ipse
1996 1131 2402 1189 montanismo
2464 1133 2572 1188 ad-

207 1231 412 1288 dictus
461 1241 570 1288 est.

421 1337 562 1410 Quo
610 1339 692 1408 fit,
743 1345 809 1395 ut
852 1341 916 1396 in
963 1341 1240 1397 omnibus
1291 1340 1412 1396 sere
1459 1340 1619 1397 libris
1665 1348 1769 1396 aut
1817 1358 1989 1398 suam
2019 1350 2249 1416 partem
2282 1344 2571 1402 defendat

204 1451 316 1501 aut
362 1445 660 1503 diversam
705 1453 886 1520 petat.
983 1445 1102 1502 Sed
1162 1464 1328 1503 arma
1375 1446 1630 1519 telaque,
1696 1463 1852 1520 quae
1909 1449 1961 1505 ei
2022 1467 2095 1505 ex
2158 1466 2405 1508 munere
2460 1453 2569 1508 ad-

209 1552 409 1609 vocati
454 1552 683 1625 reliqua
729 1559 915 1622 erant,
962 1553 1261 1628 paulisper
1307 1553 1611 1610 debebant
1656 1555 1873 1611 mutari
1920 1540 2029 1629 pro
2077 1557 2420 1614 diversitate
2465 1561 2569 1627 rei,

205 1675 391 1732 quam
436 1660 671 1734 agebat.
749 1658 888 1716 Non
935 1677 1168 1734 paucae
1215 1661 1374 1717 enim
1422 1660 1701 1717 notiones
1744 1679 1939 1718 novae
1986 1663 2048 1719 in
2088 1657 2563 1723 ‘christianismo'

204 1773 377 1822 ortae
424 1775 612 1836 erant,
661 1767 877 1840 quibus
925 1775 1065 1842 apta
1111 1768 1468 1842 significatio
1515 1769 1987 1825 desiderabatur.
2080 1767 2160 1826 Et
2220 1778 2287 1827 ut
2344 1774 2571 1829 nummi

206 1873 274 1929 in
323 1873 524 1930 catino
595 1875 798 1931 denuo
859 1875 1162 1930 cuduntur
1217 1881 1278 1930 et
1334 1882 1548 1948 postea
1606 1875 1918 1948 signantur
1978 1883 2324 1950 mutataque
2382 1877 2573 1935 forma

205 1979 528 2054 prodeunt,
591 1981 674 2037 ita
730 1981 1022 2037 vocabula
1081 1959 1269 2037 multa
1326 1982 1575 2038 notione
1635 1982 1697 2037 in
1754 1982 1955 2038 catino
2010 1982 2149 2039 fidei
2214 1984 2571 2042 christianae

209 2094 443 2144 mutata
486 2087 858 2161 prodierunt.

421 2194 477 2250 1.
572 2193 837 2250 Primum
885 2213 960 2250 ea
1007 2189 1378 2255 substantiva
1446 2196 1833 2263 enumerabo,
1892 2213 2045 2270 quae
2093 2195 2259 2254 Tert.
2310 2215 2381 2254 ex
2426 2199 2569 2255 iuris

205 2301 623 2358 consultorum
671 2319 946 2358 sermone
992 2301 1230 2356 videtur
1274 2308 1585 2358 mutuatus
1634 2319 1786 2358 esse.

417 2408 880 2464 adulterator
928 2417 1244 2483 usurpatur
1288 2409 1452 2483 apud
1497 2407 1676 2466 ICtos
1724 2427 1833 2484 pro
1880 2428 1973 2479 e0‚
2034 2411 2135 2484 qui
2184 2411 2351 2468 vitiat
2395 2430 2569 2471 num·

205 2519 340 2572 mos
391 2513 464 2591 (e.
514 2533 600 2589 gr.
651 2515 864 2573 Claud.
915 2514 1270 2572 Saturninus
1318 2516 1440 2589 dig.
1493 2513 1597 2589 48,
1658 2531 1752 2590 19,
1813 2515 1909 2586 16,
1960 2532 2028 2590 9;
2090 2520 2333 2576 verbum
2372 2522 2567 2577 ‘adul-

205 2614 406 2679 terare’
459 2620 576 2678 hoc
623 2638 806 2678 sensu
855 2621 1400 2695 frequentissimum
1435 2620 1568 2697 est),
1610 2624 1791 2697 apud.
1835 2621 2000 2681 Tert.
2039 2634 2240 2681 autem
2284 2628 2569 2684 translate

199 2730 280 2786 de
327 2746 421 2795 e0,
485 2729 586 2801 qui
621 2720 855 2784 'locum
911 2747 982 2785 ex
1044 2728 1206 2785 libris
1255 2730 1440 2785 sacris
1487 2730 1679 2796 vitiat;
1752 2746 1871 2786 car.
1932 2728 2072 2787 Chr.
2139 2746 2213 2804 19
2272 2734 2361 2789 in:
2434 2733 2569 2790 hoc

201 2837 494 2909 quidem
565 2835 900 2909 capitulo
971 2853 1108 2911 ego
1177 2836 1419 2909 potius
1497 2843 1685 2904 utar,
1758 2853 1927 2892 cum
1990 2837 2565 2897 adulteratores

200 2944 357 3000 eius
406 2944 809 3000 obduxero,
997 3009 1000 3011 v

409 3050 842 3106 advocatio
905 3051 1068 3123 apud
1114 3047 1293 3106 ICtos
1355 3048 1476 3105 fere
1524 3066 1759 3123 semper
1806 3051 2107 3125 significat
2167 3054 2567 3127 patrocinium

201 3155 295 3209 vel
359 3154 775 3211 defensionem
831 3156 1128 3225 advocati,
1186 3156 1251 3213 id
1312 3157 1478 3230 quod
1539 3156 1827 3231 exemplis
1874 3159 2127 3231 probare
2184 3161 2393 3217 inutile
2453 3170 2564 3220 est.

201 3259 298 3316 De
373 3257 780 3317 Tertullianeo
850 3279 961 3318 usu
1032 3280 1170 3320 cum
1239 3262 1572 3319 Schmidtio
1629 3265 1946 3321 consentio
2016 3266 2094 3321 de
2151 3266 2250 3323 lat.
2311 3266 2475 3325 Tert.
2539 3268 2567 3325 I

199 3386 260 3443 p.
312 3366 398 3422 20
444 3366 807 3425 disserente:
863 3356 1304 3427 ‘advocationis
1361 3387 1493 3426 voe.
1533 3370 1912 3445 significatio
1968 3373 2285 3446 dupliciter
2330 3394 2366 3431 a
2415 3375 2565 3433 Ter·

203 3474 454 3531 tulliano
503 3481 722 3531 novata
768 3482 877 3531 est.
970 3474 1214 3533 Praeter
1261 3477 1422 3534 enim
1467 3478 1781 3533 notionem
1828 3478 1955 3534 eius
2002 3497 2040 3535 a
2080 3478 2244 3537 bona
2276 3482 2565 3541 latinitate

200 3599 329 3639 non
375 3580 633 3637 alienam
679 3582 882 3638 auxilii
931 3580 1108 3659 (apol.
1161 3580 1244 3659 2),
1307 3601 1528 3640 novam
1584 3585 1782 3641 induit
1844 3592 1905 3640 et
1960 3578 2367 3645 excusationis
2417 3588 2562 3667 (cor.

200 3706 280 3745 m.
333 3688 410 3743 11
465 3688 600 3743 adv,
650 3684 1050 3769 necessitatis)
1109 3697 1170 3745 et
1227 3691 1659 3748 consolationis
1726 3688 1866 3768 (pat.
1922 3692 1998 3747 11
2065 3710 2170 3749 ex:
2242 3696 2457 3753 talibus
2506 3705 2566 3753 et

198 3796 520 3851 advocatio
579 3802 638 3851 et
689 3796 842 3852 risus
905 3794 1310 3872 promittitur),
1371 3806 1771 3872 congruenter
1825 3815 1963 3854 cum
2024 3816 2183 3867 nova
2237 3803 2399 3860 verbi
2454 3805 2563 3861 ad-

199 3918 419 3959 vocare
466 3902 736 3971 notione,
786 3919 906 3975 quo
933 3902 1098 3959 Tert.
1134 3905 1314 3960 utitur
1345 3905 1424 3960 ad
1456 3905 1811 3961 vertendum
1841 3922 2127 3978 graecum
2158 3902 2564 3983 παρακαλεῖν

198 4031 288 4061 --..
336 4010 659 4067 consolari.

409 4116 813 4173 affirmator
881 4113 1008 4172 ICti
1078 4124 1368 4191 usurpant
1429 4116 1508 4173 de
1583 4135 1677 4187 e0,
1741 4119 1842 4192 qui
1902 4118 2154 4175 alicuius
2220 4119 2565 4177 facultatem

199 4224 473 4280 solvendi
535 4230 781 4281 testatur
845 4221 918 4303 (e.
967 4242 1025 4299 g.
1089 4222 1226 4297 Ulp.
1289 4225 1412 4299 dig.
1479 4240 1538 4296 4,
1600 4241 1658 4296 4,
1732 4239 1836 4297 133
1908 4239 2009 4298 27,
2064 4239 2119 4299 7,
2170 4242 2229 4298 4,
2283 4222 2343 4301 3)
2395 4224 2562 4286 Tert.
