3157 4938
1464 337 1906 404 ..το-

423 534 428 540 ·
493 522 604 580 sed
647 522 766 580 alio
813 541 1026 593 sensu3
1101 525 1263 598 apud
1317 524 1450 580 illos
1499 523 1660 579 enim
1708 530 1869 580 tutor
1914 523 2217 580 actionem
2259 522 2465 596 pupilli
2516 529 2868 579 auctoratur

493 629 532 685 i.
581 647 632 685 e.
685 630 1019 698 confirmat,
1069 647 1121 686 e.
1169 647 1226 704 g.
1279 628 1417 703 Ulp.
1468 629 1591 704 dig.
1646 642 1746 702 27,
1799 627 1857 698 6,
1912 643 1969 702 9.

710 737 1076 810 eliquare
1143 737 1385 811 proprio
1452 753 1634 794 sensu
1690 737 1875 794 utitur
1930 736 2106 810 Apul.
2164 744 2303 806 met.
2374 751 2469 805 10,
2522 750 2606 808 30
2672 721 2867 791 ‘flu-

497 841 714 899 vialis
762 859 1000 916 aquas
1049 831 1441 916 eliquans’,
1507 845 1793 901 translato
1851 850 2053 900 autem
2101 841 2266 899 Tert.
2314 843 2501 900 Marc.
2566 841 2596 898 I
2644 859 2710 914 4:
2783 845 2867 899 in

497 966 712 1005 unum
790 967 1094 1006 necesse
1171 958 1283 1006 est
1375 951 1750 1007 summitas
1830 951 2364 1023 magnitudinis
2459 950 2862 1024 eliquetur;

493 1055 676 1129 paulo
744 1057 862 1113 alio
908 1051 1163 1138 (utiam
1218 1056 1453 1113 Persius
1514 1074 1564 1127 1,
1619 1051 1727 1138 34)
1784 1058 1863 1113 de
1926 1057 2061 1131 pall.
2115 1071 2179 1129 3:
2252 1043 2527 1114 etractu
2605 1075 2870 1131 prose-

500 1169 770 1234 quente
817 1163 1036 1220 filum
1083 1153 1411 1237 eliquat’,
1475 1166 1642 1238 quod
1699 1163 1993 1222 Oehlerus
2049 1159 2309 1238 explicat
2362 1152 2624 1233 ‘emittit,
2696 1161 2867 1236 quasi

498 1267 796 1342 profluere
845 1261 1022 1328 facit'.
1267 1343 1274 1352 ⁸

707 1377 1078 1434 insinuare
1153 1380 1489 1436 secundum
1561 1379 1806 1435 verbum
1885 1395 2171 1452 graecum
2234 1368 2634 1454 ἐγκολπίζειν
2680 1378 2870 1452 signi-

500 1481 640 1538 ficat
677 1477 764 1539 ‘in
813 1484 1010 1540 sinum
1057 1475 1361 1554 condere'3
1425 1486 1526 1558 qui
1582 1485 1858 1559 proprius
1926 1485 2169 1541 dicendi
2217 1501 2361 1540 usus
2408 1483 2659 1540 obvenit
2704 1485 2870 1558 apud

502 1589 677 1662 Apul.
729 1599 869 1646 met.
922 1606 979 1664 9,
1033 1605 1066 1664 5
1108 1579 1426 1649 <siccine
1473 1609 1747 1648 vacuus
1796 1599 1864 1648 et
1921 1593 2205 1648 otiosus
2262 1590 2659 1647 insinuatis
2715 1608 2869 1648 ma·

504 1695 714 1752 nibus
793 1698 1197 1756 ambulabis
1272 1697 1482 1756 mihi?
1559 1705 1619 1754 et
1697 1696 1862 1754 Tert.
1941 1715 2053 1755 res,
2134 1715 2275 1774 car..
2340 1696 2450 1754 28:
2548 1694 2869 1772 Moyses

502 1820 781 1861 manum
827 1806 896 1860 in
944 1806 1176 1861 sinum
1224 1806 1476 1862 condit
1535 1812 1605 1860 et
1663 1813 2059 1861 emortuam
2104 1803 2412 1878 profert,
2488 1811 2561 1860 et
2618 1819 2870 1860 rursus

501 1908 861 1979 insinuat,
911 1918 980 1968 et
1026 1913 1373 1969 vividam
1419 1912 1764 1986 explicat.

713 2018 1005 2074 oculare
1080 2018 1335 2092 Apuleio
1413 2028 1474 2076 et
1544 2017 1921 2075 Tertulliano
2006 2035 2329 2074 commune
2404 2019 2638 2074 videtu-r
2714 2034 2867 2074 esse.

502 2121 684 2195 Apud
728 2123 890 2180 hunc
934 2123 1052 2180 hoc
1098 2125 1342 2182 verbum
1390 2125 1685 2199 significat
1738 2125 1977 2198 proprio
2042 2141 2222 2181 sensu
2272 2111 2493 2181 ‘oculis
2552 2112 2855 2181 instruere’

504 2229 665 2285 velut
725 2248 898 2304 paen.
983 2246 1085 2288 12:
1165 2231 1507 2300 hirundO,
1590 2233 1649 2288 si
1732 2231 2258 2289 excaecaverit
2325 2231 2592 2305 puIIOS,
2662 2230 2871 2287 novit

504 2335 674 2393 illos
731 2338 1031 2394 oculare
1087 2355 1334 2395 rursus
1393 2340 1479 2394 de
1527 2357 1660 2395 sua
1705 2338 2154 2407 chelidonia;
2224 2339 2473 2412 figurate
2527 2338 2683 2412 apol.
2755 2352 2867 2394 21:

499 2435 650 2516 ‘qui
697 2444 846 2500 iam
893 2445 1257 2519 expolitos
1305 2453 1373 2503 et
1429 2446 1585 2521 ipsa
1642 2447 2059 2504 urbanitate
2115 2445 2475 2519 deceptos
2533 2445 2606 2501 in
2652 2445 2864 2519 agni-

507 2549 782 2606 tionem
830 2552 1188 2610 veritatis
1235 2543 1647 2610 ocularet'.
1758 2553 1970 2627 Longe
2029 2561 2231 2610 autem
2277 2552 2395 2609 alio
2444 2569 2626 2609 sensu
2674 2559 2871 2608 exstat

504 2659 646 2731 pud.
699 2656 734 2714 8
785 2660 872 2716 in:
916 2651 1018 2717 ‘in
1065 2660 1400 2717 vestibus
1448 2679 1765 2735 purpura
1809 2654 2275 2729 oculandi.s’;
2334 2659 2431 2715 hic
2490 2659 2650 2715 enim
2690 2646 2865 2714 ‘ocu-

504 2754 638 2821 lare’
720 2774 810 2821 est
877 2766 1156 2835 ‘efficere,
1251 2776 1318 2823 ut
1392 2767 1622 2840 aliquid
1699 2768 1761 2823 in
1838 2768 2049 2825 oculos
2129 2756 2342 2835 cadat’,
2414 2766 2498 2821 ita
2569 2772 2637 2821 ut
2705 2773 2869 2820 recte

506 2870 798 2945 Rigaltius
847 2874 1101 2947 explicet
1142 2867 1504 2930 ‘illuminare'
1566 2881 1627 2929 et
1688 2873 2010 2930 Salmasius
2066 2869 2349 2948 ‘purpura
2410 2861 2664 2929 oculare'
2727 2888 2862 2927 esse

504 2977 666 3033 idem
711 2996 782 3035 ac
821 2986 1104 3053 ‘purpura
1150 2968 1405 3037 clavare’
1452 2981 1582 3036 iure
1630 2981 1977 3037 contendat.

719 3086 1092 3159 vigorare
1171 3088 1431 3144 occurrit
1506 3088 1671 3161 apud
1746 3087 1923 3161 Apul.
2003 3094 2142 3143 met.
2208 3101 2266 3159 9,
2321 3100 2433 3142 21:
2487 3086 2867 3143 ‘fallacia

506 3193 860 3266 vigorati
907 3182 1292 3259 iuvenis’,
1351 3195 1453 3250 ubi
1512 3195 1677 3250 idem
1736 3201 1828 3249 est
1873 3200 2053 3267 atque
2099 3194 2430 3250 animosuS.
2526 3192 2694 3250 Tert.
2743 3194 2862 3249 hoc

506 3301 689 3357 verbo
737 3307 798 3356 et
842 3301 1240 3372 intransitive¹
1274 3304 1475 3372 utitur,
1541 3312 1608 3358 ut
1668 3319 1782 3358 reS.
1850 3320 1969 3359 car.
2040 3299 2154 3358 26:
2217 3302 2486 3358 vinum
2548 3301 2866 3357 animae

505 3406 967 3481 vigorantis
1046 3427 1131 3465 ex
1209 3410 1377 3466 vite
1455 3408 1799 3479 Christi,
1879 3416 1939 3465 et
2015 3408 2337 3475 transitive,
2426 3415 2493 3464 ut
2552 3409 2693 3481 pud.
2789 3422 2861 3465 2:

505 3514 1061 3571 effeminantia
1107 3518 1362 3591 magis
1411 3534 1637 3590 quam
1684 3516 2158 3591 vigorantia
2203 3514 2752 3588 disciplinam.

723 3636 781 3694 3.
827 3620 1174 3679 Proximum
1219 3623 1420 3680 locum
1467 3624 1778 3681 obtineant
1807 3640 2001 3697 pauca
2033 3617 2335 3699 adverbia,
2388 3638 2545 3695 quae
2577 3618 2861 3678 Afrorum

504 3728 744 3803 propria
788 3744 923 3787 esse
970 3730 1304 3787 videantur.

711 3835 803 3892 Ex
848 3837 1126 3911 analogia
1171 3837 1436 3894 adverbii
1497 3836 1971 3894 multifariam
2042 3834 2171 3892 Afri
2245 3835 2544 3891 finxerunt
2611 3836 2863 3892 omni-

505 3941 824 4013 fariam,
889 3945 1055 4017 quod
1117 3945 1281 4019 apud
1325 3944 1511 4019 Apul..
1566 3961 1694 4001 non
1755 3944 2099 4017 infrequens
2161 3950 2253 3999 est
2312 3938 2385 4017 (e.
2444 3960 2531 4017 gr.
2578 3942 2707 3998 flor.
2776 3952 2856 4013 23

503 4049 712 4123 lapis
781 4051 1026 4125 probe
1096 4050 1605 4107 omnifariam
1674 4051 2271 4124 complanatus;
2353 4050 2431 4105 de
2501 4049 2619 4104 deo
2690 4046 2854 4104 Socr.

503 4158 787 4232 prologus
839 4154 954 4233 (ecl.
1005 4156 1228 4213 Goldb.
1278 4175 1335 4231 p.
1390 4154 1482 4236 5):
1533 4165 1612 4214 ut
1657 4175 1769 4213 me
1816 4156 2326 4213 omnifariam
2382 4152 2855 4232 noveritis),

503 4280 618 4320 nec
663 4281 788 4321 non
834 4266 1000 4339 apud
1032 4263 1294 4322 Gellium
1340 4265 1629 4337 reperitur
1678 4260 1732 4341 (e
1776 4282 1863 4339 gr.
1923 4278 2018 4333 12,
2079 4277 2152 4335 13
2204 4279 2371 4319 cum
2422 4257 2855 4339 (oceanus)
