3157 4938
1573 330 2018 396 ..58-

825 515 1218 590 captatrix
1265 523 1513 589 usurpat
1559 515 1737 590 Apul.
1789 516 1867 571 de
1914 517 2119 590 dogm.
2170 514 2320 572 Plat.
2362 529 2417 583 2,
2453 513 2487 572 8
2534 503 2741 573 ‘alia
2789 535 2977 573 vero

610 623 988 679 adulandi
1036 623 1388 680 scientia
1435 631 1588 693 est,
1639 623 2053 696 captatrix
2101 614 2740 689 verisimilium’‚
2808 621 2975 680 Τθῐῐ.

608 747 731 786 cor.
780 747 858 786 m.
918 744 1021 801 13¹:
1080 718 1242 786 ‘est
1287 730 1488 787 enim
1534 730 1781 786 omnis
1828 730 2208 804 publicae
2256 731 2627 786 laetitiae
2677 731 2973 786 luxuria

609 825 1062 911 captatrix'.

819 962 1212 1036 repertrix
1273 963 1457 1019 utitur
1519 969 1586 1018 ut
1671 962 1847 1036 Apul.
1930 962 2086 1035 apol.
2161 958 2234 1016 18
2312 967 2747 1036 paupertas
2813 977 2973 1017 om-

605 1069 820 1124 nium
869 1069 1155 1125 artium
1201 1069 1637 1143 repertrix,
1686 1069 1771 1127 ita
1804 1066 2148 1142 Tert.pud.
2188 1083 2219 1141 7
2257 1085 2361 1124 ex:
2412 1086 2557 1125 nec
2604 1070 2975 1142 gaudium

607 1176 926 1232 confert
973 1175 1383 1250 repertrici
1430 1174 1854 1232 ecclesiae.

819 1318 871 1357 c.
965 1300 1197 1358 Eadem
1243 1300 1366 1357 fere
1410 1317 1504 1356 res
1567 1307 1660 1358 est
1722 1296 1800 1362 de
1848 1295 2182 1360 nominibus
2227 1297 2281 1359 in
2324 1331 2407 1340 —
2441 1314 2547 1359 sus
2598 1297 2694 1358 vel
2742 1332 2832 1340 —-
2876 1299 2972 1357 tus

606 1403 980 1484 exeuntibuS,
1029 1425 1184 1481 quae
1231 1409 1430 1481 aliqua
1478 1425 1550 1464 ex
1597 1416 1765 1483 parte
1812 1408 1932 1465 iam
1974 1403 2360 1481 scriptoribus
2391 1415 2717 1481 argenteae
2762 1407 2968 1462 aetatis

602 1515 872 1588 probata,
967 1515 1228 1571 maxime
1318 1515 1396 1571 ab
1488 1514 1744 1589 Apuleio
1848 1523 1908 1571 et
1999 1512 2373 1571 Tertulliano
2476 1523 2659 1570 aucta
2750 1506 2969 1593 sunt.¹)

607 1619 899 1695 Exemplo
948 1622 1098 1678 sint:

821 1747 1233 1820 cogitatus
1292 1746 1477 1819 quod,
1541 1756 1864 1820 postquam
1927 1744 2159 1802 Seneca
2218 1746 2467 1819 praeivit
2522 1763 2617 1819 ep.
2672 1745 2751 1800 11
2806 1753 2969 1810 extr„

603 1854 853 1928 legimus
901 1855 1062 1928 apud
1109 1852 1285 1927 Apul.
1334 1861 1474 1909 met.
1527 1870 1586 1925 4,
1640 1867 1673 1926 5
1741 1852 2101 1909 divinato
2160 1862 2235 1909 et
2295 1858 2741 1926 antecapto
2805 1869 2971 1908 meo

603 1960 1004 2034 cogitatU,
1071 1959 1236 2017 Tert.
1309 1978 1549 2035 quoque
1611 1960 1849 2016 exhibet
1910 1979 2006 2016 an.
2076 1957 2154 2033 58
2224 1959 2305 2035 (p.
2378 1973 2501 2032 395
2568 1958 2673 2035 R.)
2750 1960 2967 2015 solos

602 2054 1015 2141 cogitatus
1079 2076 1152 2123 et
1214 2069 1470 2124 nudas
1534 2067 2000 2123 voluntates
2064 2083 2389 2122 censura
2450 2066 2731 2122 divina
2792 2083 2969 2139 per-

603 2174 986 2246 sequitur3
1067 2173 1199 2230 exh.
1279 2182 1428 2230 cast.
1511 2174 1544 2229 1
1631 2175 1899 2230 carnis
1966 2173 2431 2230 necessitas
2510 2174 2969 2248 cogitatum

601 2287 904 2344 movet:
955 2287 1016 2336 et
1064 2281 1320 2355 saepius,

815 2407 1266 2480 increpitus
1329 2407 1585 2481 primum
1641 2407 1883 2464 obvium
1938 2406 2101 2480 apud
2148 2404 2323 2480 Apul.
2374 2404 2451 2459 de
2496 2405 2618 2460 deo
2665 2403 2832 2461 Socr.
2891 2415 2965 2475 19

589 2492 1038 2587 cincrepitu
1107 2513 1595 2587 indignatum
1656 2515 2015 2571 Amorem
2077 2512 2516 2568 recinendo
2592 2499 2961 2587 placare',

599 2619 916 2692 repetitum
977 2628 1070 2677 est
1115 2638 1150 2677 a
1198 2618 1364 2678 Tert.
1413 2620 1599 2680 Mare.
1649 2620 1735 2677 IV
1785 2619 1821 2677 8
1880 2622 2109 2679 iussu
2172 2627 2241 2676 et
2301 2619 2714 2692 increpitu
2785 2620 2964 2674 dae·

602 2726 868 2783 monia
915 2728 1362 2801 expellens·

813 2849 1096 2907 Ceterum
1157 2854 1303 2909 satis
1360 2852 1554 2909 habeo
1616 2852 1777 2926 quae
1832 2853 2079 2909 nomina
2125 2850 2292 2910 Tert.
2340 2852 2585 2911 novovit
2629 2868 2960 2910 recensere.

812 2976 1146 3033 aborsus
1197 2970 1309 3057 (z
1356 2972 1628 3058 abortus)
1695 2971 1824 3059 (T.)
1882 2995 1980 3034 an.
2035 2990 2151 3051 37;
2214 2994 2377 3033 nam
2440 2986 2509 3034 et
2554 2977 2803 3035 Mosei
2852 2976 2959 3032 lex

598 3089 782 3138 tunc
858 3083 1196 3140 aborsus
1274 3101 1469 3141 reum
1545 3084 1995 3142 talionibus
2075 3082 2426 3153 indicat;
2509 3084 2651 3159 fuga
2732 3099 2770 3157 9
2849 3095 2951 3138 ex:

598 3189 858 3245 nolite
904 3189 980 3246 in
1028 3190 1363 3247 lectulis
1411 3191 1676 3247 necin
1722 3191 2144 3247 aborsibus
2192 3199 2265 3247 et
2299 3191 2668 3248 febribus
2702 3189 2957 3247 molli-

599 3296 742 3351 bus
790 3304 1067 3369 optare
1114 3298 1353 3353 exire.

811 3541 856 3606 1)
893 3540 1078 3594 Pauca
1115 3540 1189 3595 ad
1225 3541 1551 3596 vetustiores
1587 3541 1879 3611 scriptores
1915 3542 2189 3609 recedunt,
2245 3544 2397 3596 velut
2446 3542 2518 3597 of
2524 3540 2551 3596 f
2556 3558 2791 3608 ensuS‚
2848 3554 2953 3593 vox

895 3629 1062 3698 apud*
1081 3630 1391 3684 Lucretium
1429 3630 1613 3697 obvia,
1654 3647 1797 3700 quae
1833 3630 2099 3699 reperitur
2133 3632 2295 3685 Marc,
2337 3631 2405 3686 IV
2440 3631 2526 3685 39.

887 3718 1054 3773 Recte
1091 3720 1422 3775 Schmidtius
1473 3721 1563 3774 lat.
1616 3720 1751 3774 Tert.
1802 3721 1824 3773 I
1873 3719 1941 3773 14
1991 3720 2241 3789 exponit:
2292 3718 2639 3774 ‘Ciceronem
2676 3724 2730 3773 et
2776 3719 2951 3788 ipsum

889 3809 994 3861 hae
1038 3808 1095 3861 in
1133 3809 1427 3863 verborum
1464 3810 1683 3865 fictione
1720 3818 2002 3865 versatum
2038 3826 2161 3863 esse
2198 3814 2429 3877 constat,
2469 3809 2685 3876 sedita,
2724 3813 2783 3862 ut
2808 3802 2951 3875 apud

895 3913 1020 3950 eum
1060 3914 1333 3952 novorum
1385 3915 1499 3953 non
1546 3899 1691 3953 aliae
1747 3899 1856 3953 nisi
1902 3898 2133 3953 ablativi
2186 3898 2399 3952 formae
2456 3902 2760 3952 occmrant.
2833 3894 2950 3948 Ter-

887 3986 1118 4040 tulliano
1175 3992 1359 4041 autem
1417 3988 1557 4043 sicut
1608 3988 1878 4057 Appuleio
1945 3987 2213 4057 imprimis
2283 3987 2483 4041 horum
2542 3985 2733 4041 tertius
2792 3996 2949 4038 casus

889 4076 1272 4131 celeberrimus
1323 4081 1405 4131 est
1440 4081 1657 4146 praeter
1708 4080 1942 4143 sextum,
1996 4076 2151 4130 cuius
2198 4092 2333 4129 usus
2384 4092 2453 4129 ex
2505 4079 2704 4128 natura
2758 4075 2947 4127 horum

885 4166 1282 4219 vocabulorum
1340 4166 1413 4220 ad
1467 4166 1623 4220 verbi
1678 4164 1950 4219 rationem
2006 4156 2291 4235 proximae
2354 4164 2733 4218 accedentium
2795 4158 2949 4215 facile

892 4250 1259 4323 intellegitur'.
