3157 4938
1542 270 1988 335 -46-

592 458 703 513 vel.
764 472 871 529 13:
918 454 1151 513 ‘hanc
1198 455 1541 511 idoneus
1591 463 1714 511 est
1759 455 1854 511 ad
1903 456 2532 528 conspicienda,
2597 472 2978 529 quaeque

520 621 533 631 ,
586 564 659 619 in
694 564 1023 619 occulto
1072 562 1315 629 fiunt,
1367 578 1594 633 quam
1641 562 1904 619 iustus
1938 563 2032 617 ad
2089 564 2724 631 remuneranda,
2789 579 2984 634 quae

586 672 747 727 soli
810 671 959 727 sibi
1026 658 1266 726 fiunt.'
1378 664 1714 740 Utrobique
1773 664 2068 727 Oehlerus
2131 686 2329 742 prave,
2378 680 2443 727 ut
2503 670 2672 727 mihi
2739 668 2984 741 quidem

586 780 836 845 videtur,
900 778 1057 834 hane
1115 776 1396 833 codicum
1444 774 1766 831 lectionem
1810 777 2059 833 mutavit
2103 777 2166 832 in
2207 766 2690 851 <quaequae’
2717 819 2732 833 .
2839 774 2988 831 Nam

586 902 949 957 quamquam
1018 883 1151 939 talis
1222 883 1493 954 quaestio
1564 882 1876 938 codicibus
1940 883 2082 939 solis
2161 884 2478 942 diiudicari
2541 903 2694 941 non
2765 890 2986 957 potest.

588 1000 807 1055 tamen,
858 990 1020 1062 quod
1066 990 1129 1045 in
1177 987 1313 1044 loco
1360 1005 1432 1043 ex
1482 987 1632 1043 libro
1679 987 1965 1045 adversus
2012 985 2278 1064 Judaeos
2325 1007 2506 1065 supra
2538 992 2758 1047 citato
2813 990 2988 1045 lectio

589 1108 747 1153 sarta
808 1105 969 1152 tecta
1030 1104 1120 1151 est
1182 1102 1242 1151 et
1304 1096 1485 1150 ceteri
1549 1112 1790 1167 quoque
1836 1095 1962 1152 Afri
2025 1098 2206 1153 istum
2255 1116 2432 1155 usum
2477 1099 2986 1156 vindicaverunt

586 1184 867 1277 equidem
957 1202 1159 1259 malim
1251 1202 1493 1257 credere
1585 1201 1806 1274 ubique
1897 1204 2258 1260 servandum
2303 1221 2438 1261 esse
2504 1210 2519 1226 ‘
2541 1221 2644 1278 qu
2667 1220 2834 1275 aeq
2856 1192 2988 1268 ue’,

588 1312 843 1369 Accedit
888 1311 1053 1383 quod
1101 1310 1291 1365 forma
1335 1309 1640 1382 geminata
1680 1299 2135 1383 ‘quaequae’
2202 1314 2366 1386 apud
2423 1314 2587 1369 solos
2645 1312 2796 1369 fere
2848 1309 2988 1365 iuris

590 1417 903 1474 consultos
952 1417 1255 1490 reperitur,
1314 1414 1378 1471 id
1440 1417 1603 1488 quod
1651 1414 2054 1474 Woelfflinius
2115 1418 2149 1475 l.
2213 1436 2266 1475 c.
2317 1438 2374 1493 p.
2425 1413 2552 1493 448
2619 1417 2987 1476 contendit.

590 1525 670 1580 At
739 1523 851 1580 hac
921 1523 1052 1597 ipsa
1129 1540 1191 1578 re
1261 1520 1502 1579 Oehleri
1582 1524 1928 1581 coniectura
2007 1525 2226 1582 firmari
2303 1526 2554 1595 videtur,
2631 1543 2850 1600 quam
2930 1524 2988 1577 in

590 1632 951 1687 sententiam
982 1628 1385 1685 Woelfflinius
1433 1630 1575 1686 olim
1608 1632 1795 1703 vergit
1825 1638 1988 1687 ratus
2021 1631 2460 1690 Tertullianum
2503 1634 2667 1690 illam
2709 1633 2987 1690 formam

589 1738 957 1811 geminatam
1002 1754 1074 1791 ex
1123 1738 1324 1793 studio
1371 1738 1515 1793 iuris
1562 1738 1976 1795 consultorum
2023 1739 2312 1798 hausisse.
2407 1740 2532 1797 Sed
2587 1750 2827 1815 postea
2887 1737 2982 1793 hic

590 1844 678 1900 vir
732 1844 1116 1901 doctissimus
1148 1845 1277 1918 ipse
1308 1844 1630 1901 lectionem
1657 1835 2062 1917 ‘quaeque'
2115 1848 2467 1920 praetulisse
2507 1847 2778 1915 videtur,
2837 1859 2979 1900 curn

592 1952 761 2007 locos
809 1968 986 2025 supra
1032 1950 1245 2008 allatos
1310 1951 1596 2008 adhibeat
1655 1953 1738 2007 ad
1804 1952 2181 2025 probandum
2227 1952 2406 2010 Afros
2473 1953 2798 2011 interdum
2871 1965 2981 2024 pro

583 2047 1005 2130 ‘quisquis'
1060 2058 1281 2113 dixisse
1324 2048 1713 2130 ‘quisque'
1768 2051 2014 2139 (Archiv
2062 2058 2175 2114 VII
2201 2060 2374 2133 477).

1576 2357 1818 2455 Caput
1873 2361 1985 2433 III.

1190 2553 1317 2665 ,De
1375 2553 1859 2635 africanismis
1915 2502 2341 2636 Teriulliani.

814 2789 908 2846 De
957 2808 1232 2846 sermone
1278 2791 1561 2848 Afrorum
1608 2793 1699 2848 vel
1746 2792 2037 2849 africitate
2099 2794 2244 2866 quid
2284 2795 2388 2852 viri
2435 2770 2602 2852 docti
2650 2801 2964 2860 censeant,

601 2900 719 2956 iam
768 2915 945 2970 supra
990 2898 1242 2954 breviter
1305 2900 1575 2972 exposui,
1639 2901 1785 2973 quid
1839 2901 2119 2973 equidem
2173 2903 2456 2973 iudicem,
2518 2923 2703 2974 nune,
2763 2906 2961 2979 prius·

601 3023 782 3080 quam
846 3005 926 3061 ad
988 3022 1111 3060 rem
1165 3007 1358 3079 ipsam
1420 3007 1534 3063 hoc
1607 3008 1868 3082 capitulo
1929 3011 2306 3067 tractandam
2371 3012 2680 3082 accedam,
2750 3009 2960 3087 paucis

602 3115 997 3187 complectar:
1048 3115 1336 3171 nonnulla
1382 3134 1517 3172 mea
1563 3117 1807 3189 quidem
1853 3118 2152 3174 sententia
2198 3128 2339 3176 sunt
2395 3128 2455 3176 et
2499 3121 2563 3178 in
2611 3122 2846 3195 syntaxi
2902 3123 2959 3172 et

603 3221 677 3277 in·
715 3221 1072 3277 formatione
1130 3239 1366 3294 usuque
1411 3224 1860 3294 vocabulorum,
1908 3241 2082 3297 quae,
2148 3244 2286 3282 cum
2347 3227 2488 3284 alibi
2545 3238 2650 3286 aut
2713 3232 2958 3288 omnino

604 3345 729 3382 non
786 3337 888 3384 aut
951 3329 1201 3402 sparsim
1260 3336 1318 3384 et
1365 3347 1498 3386 raro
1546 3331 1943 3401 inveniantur,
2006 3334 2070 3390 in
2131 3333 2335 3390 Africa
2395 3343 2599 3393 autem
2654 3337 2958 3412 provincia

604 3431 783 3505 vulgo
862 3442 921 3490 et
998 3443 1345 3491 constanter
1421 3436 1968 3510 deprehendantur,
2061 3439 2342 3497 Afrorum
2416 3446 2654 3518 propria
2729 3447 2957 3520 possint

605 3539 908 3612 appellari.
1004 3539 1279 3610 Quorum
1341 3552 1631 3614 quantum
1678 3545 1842 3618 apud
1891 3544 2329 3605 Tertullianum
2383 3551 2736 3620 inveniatur,
2796 3568 2954 3610 nunc

604 3646 901 3719 explicare
971 3649 1256 3717 conabor,
1327 3649 1491 3706 haud
1555 3652 1840 3724 ignorans
1909 3671 2032 3710 non
2101 3672 2298 3727 pauca
2358 3666 2460 3713 aut
2522 3659 2797 3717 additum
2857 3667 2954 3717 aut

605 3754 906 3810 sublatum
954 3756 1040 3823 iri,
1091 3774 1228 3813 cum
1276 3773 1430 3829 quae
1476 3759 1868 3832 proprietates
1917 3761 2036 3817 sint
2083 3761 2388 3820 africitatis
2445 3773 2505 3821 et
2562 3782 2717 3838 quae
2765 3769 2951 3826 latini-

607 3862 744 3917 tatis
793 3863 977 3918 totius
1024 3864 1333 3936 sequioriS‚
1384 3866 1595 3921 melius
1643 3867 1959 3926 constabit.
2476 3857 2480 3862 ’

819 3971 890 4024 Α.
985 3970 1075 4026 Ac
1120 3972 1375 4044 primum
1423 3973 1665 4046 quidem
1730 3994 1800 4030 ex
1850 3977 2085 4048 syntaxi
2133 3995 2221 4046 ea,
2287 3994 2442 4051 quae
2497 3984 2758 4039 sermoni
2808 3984 2950 4040 Afri-

607 4092 763 4131 cano
811 4077 1109 4146 adscribO,
1158 4077 1423 4135 afferam.

821 4202 873 4240 a.
925 4182 1259 4260 Principem
1309 4187 1509 4243 locum
1558 4188 1656 4244 hic
1704 4196 1938 4246 teneat:
