3157 4938
1537 264 1932 328 --4..-

552 462 793 518 cunque
863 447 988 502 fieri
1056 452 1274 522 potest,
1352 448 1415 501 in
1485 464 1659 502 suum
1732 464 1905 504 usum
1976 450 2299 506 convertit:
2380 452 2910 525 interrogationem

549 552 925 621 rhetoricam,
989 554 1528 627 exaggerationem,
1588 555 2191 627 personificationem,
2254 557 2621 631 anaphoram
2682 560 2908 632 saepis-

551 661 699 716 sime
765 665 929 734 apud
998 679 1136 717 eum
1201 661 1738 734 deprehendimus;
1818 662 2226 736 imprimisque
2302 664 2697 721 antithesibus
2772 666 2910 721 libri

548 767 746 823 referti
795 776 935 824 sunt
981 776 1039 823 et
1087 769 1170 824 eis
1217 769 1416 840 aliqua
1463 786 1534 824 ex
1582 775 1749 841 parte
1797 768 2077 824 effectum
2124 787 2257 826 esse
2304 772 2555 840 videtur,
2620 780 2686 828 ut
2732 781 2910 828 tanta

546 875 869 931 multitudo
929 875 1358 931 vocabulorum
1418 883 1779 932 novarentur
1834 876 2175 949 multaeque
2236 895 2415 934 voces
2474 897 2510 934 a
2554 881 2792 952 propria
2848 881 2909 934 vi

549 983 1025 1040 deflecterentur.
1149 983 1759 1040 Annominationibus
1826 1001 1964 1040 vero
2012 985 2223 1040 dubito
2272 1003 2350 1040 an
2398 1003 2577 1042 nemo
2628 983 2910 1061 (fortasse

547 1091 887 1164 Augustino
956 1087 1228 1168 excepto)
1302 1098 1424 1146 tam
1494 1091 1833 1163 frequenter
1892 1100 1953 1147 et
2006 1093 2295 1148 audacter
2362 1109 2507 1148 usus
2579 1094 2654 1148 sit
2724 1110 2908 1167 quam

547 1206 769 1254 noster.
815 1195 826 1202 ’

758 1304 896 1362 Non
943 1313 1145 1362 tamen
1190 1306 1576 1378 aequabiliter
1624 1307 1920 1362 eiusmodi
1986 1307 2275 1363 orationis
2340 1316 2616 1363 ornatum
2663 1308 2725 1364 in
2771 1326 2905 1363 om-

546 1412 722 1468 nibus
770 1414 1002 1487 scriptis
1051 1412 1339 1468 adhibuit.

757 1519 911 1576 Nam
957 1521 1261 1593 quandam
1309 1520 1426 1575 stili
1473 1521 1903 1577 diverstitatem
1956 1529 2188 1594 praeter
2246 1522 2391 1578 alias
2448 1539 2663 1578 causas
2720 1523 2900 1580 etiam

544 1626 676 1700 ipsa
721 1644 836 1697 res,
885 1645 1038 1700 quae
1085 1627 1392 1701 agebatur,
1444 1627 1701 1682 ferebat:
1768 1628 1919 1684 alius
1975 1628 2247 1700 profecto
2305 1629 2473 1685 stilus
2522 1629 2903 1686 adhibendus

545 1743 689 1804 erat,
761 1735 862 1791 ubi
930 1736 1205 1792 doctrina
1269 1732 1743 1791 Christianorum
1813 1735 2100 1791 adversus
2169 1742 2379 1808 gentes
2442 1736 2901 1806 defendebatur,

540 1842 712 1909 aliuS,
791 1843 891 1898 ubi
970 1844 1352 1915 quaestiones
1423 1843 1775 1916 disciplinae
1844 1843 2287 1900 ecclesiasticae
2363 1844 2900 1916 pertractabantur,

541 1950 710 2017 aliuS‚
760 1950 862 2005 ubi
908 1948 1188 2004 haeretici
1233 1947 1758 2023 impugnabantur.

756 2055 896 2126 Quo
944 2057 1025 2126 fit,
1075 2065 1141 2112 ut
1186 2056 1461 2114 hodierni
1506 2057 1781 2112 homines
1828 2054 2060 2128 scriptis
2109 2054 2463 2113 Tertulliani
2520 2074 2648 2113 non
2703 2074 2901 2131 aequo

539 2167 726 2221 modo
773 2165 1176 2233 delectemur,
1221 2171 1430 2238 utpote
1485 2180 1741 2237 quorum
1800 2163 2095 2219 nonnulla
2149 2181 2181 2220 a
2242 2171 2489 2237 gustatu
2534 2172 2743 2222 nostro
2790 2166 2898 2222 ab·

539 2273 838 2341 horreant,
933 2280 993 2328 et
1066 2280 1133 2328 ut
1222 2273 1300 2328 de
1386 2287 1663 2328 sermone
1742 2269 2152 2327 Tertullianeo
2230 2270 2635 2327 diversissimo
2710 2272 2900 2328 modo

540 2381 871 2436 iudicatum
917 2380 1011 2436 sit.
1105 2377 1261 2436 Nam
1307 2397 1446 2436 cum
1487 2378 1883 2436 Ruhnkenius
1931 2379 2132 2434 stilum
2177 2378 2497 2434 barbarum
2545 2378 2897 2446 nominaret,

542 2485 703 2543 Cave
750 2488 812 2543 in
859 2487 1061 2561 script.
1112 2487 1259 2544 eccl.
1308 2486 1446 2543 hist.
1498 2487 1673 2543 litter.
1722 2486 1750 2541 I
1800 2500 1878 2559 92
1950 2487 2067 2543 tale
2113 2486 2401 2542 indicium
2448 2486 2605 2541 tulit:
2681 2486 2903 2554 „habet

541 2592 895 2650 Tertulliani
941 2594 1110 2651 stilus
1156 2594 1529 2651 maiestatem
1586 2594 1890 2666 quandam
1954 2594 2065 2649 sibi
2123 2594 2425 2667 propriam
2486 2601 2545 2648 et
2606 2595 2897 2667 grandem

538 2702 939 2774 eloquentiam
1017 2702 1141 2758 sale
1217 2708 1276 2757 et
1352 2702 1632 2757 acumine
1699 2701 2016 2775 plurimum
2095 2701 2423 2769 conditam,
2502 2718 2657 2773 quae
2720 2702 2895 2757 simul

536 2809 786 2882 legentis
862 2810 1172 2883 ingenium
1247 2818 1484 2865 exercet
1559 2818 1619 2864 et
1686 2809 1952 2864 animum
2024 2808 2281 2863 suaviter
2358 2808 2675 2876 delectat,“
2756 2826 2895 2864 cum

539 2915 972 2972 Tzschirnerus
1037 2912 1264 2992 (nescio
1311 2914 1433 2993 ubi)
1497 2915 1731 2983 dixerit,
1796 2931 2193 2988 quaecunque
2252 2914 2316 2969 in
2374 2914 2660 2987 scriptore
2714 2932 2895 2987 posse

537 3023 766 3079 laudari
837 3029 896 3079 et
963 3022 1300 3096 vituperari,
1373 3039 1444 3077 ea
1512 3023 1575 3077 in
1640 3020 2015 3077 Tertulliano
2086 3022 2291 3077 iuncta
2358 3020 2617 3094 reperiri,
2684 3028 2894 3078 contra

537 3129 866 3186 Teuffelius
917 3124 1160 3205 (Gesch.
1210 3130 1270 3185 d.
1327 3133 1476 3185 rom.
1525 3128 1669 3184 Litt.
1730 3120 1758 3165 ⁵
1802 3146 1860 3201 p.
1912 3126 2082 3206 940),
2134 3128 2333 3183 stilum
2378 3128 2591 3183 rudem
2636 3130 2888 3185 vocavit.

749 3235 869 3292 Sed
925 3244 1085 3292 certe
1149 3254 1379 3303 omnes,
1443 3236 1543 3309 qui
1602 3233 2041 3291 Tertullianum
2097 3235 2435 3291 accuratius
2490 3236 2889 3308 perlegerunt,

533 3344 918 3399 consentiunt
962 3342 1138 3421 nimis
1185 3360 1366 3415 saepe
1411 3360 1548 3397 eum
1597 3342 1921 3397 obscurum
1968 3348 2028 3396 et
2075 3340 2379 3397 difficilem
2423 3341 2503 3397 ad
2535 3342 2888 3415 intellegen-

533 3451 678 3505 dum
719 3466 871 3518 esse,
921 3467 1034 3505 nec
1083 3449 1278 3505 solum
1326 3448 1513 3505 nostri
1559 3448 1834 3503 homines
1881 3447 1997 3503 hac
2041 3446 2105 3503 in
2150 3466 2214 3503 re
2246 3448 2649 3516 consentiunt,
2684 3466 2889 3504 verum

531 3558 709 3612 etiam
757 3565 1004 3613 veteres.
1098 3555 1232 3632 Jam
1279 3556 1438 3611 enim
1483 3554 1832 3610 Lactantius
1884 3550 2042 3629 (inst.
2098 3568 2155 3626 5,
2200 3570 2251 3622 1,
2290 3552 2413 3633 23),
2464 3554 2889 3611 obscuritatem

531 3664 658 3720 eius
723 3672 967 3737 questus
1037 3671 1131 3719 est
1175 3671 1237 3718 et
1280 3662 1687 3735 Hieronymus
1750 3662 1899 3717 dixit
1961 3662 2127 3717 illum
2187 3663 2458 3718 crebrum
2521 3662 2763 3735 quidem
2824 3662 2888 3717 in

529 3772 839 3827 sententiis
901 3772 1011 3826 sed
1079 3769 1384 3825 difficilem
1451 3768 1515 3823 in
1570 3768 1915 3847 eloquendo
1978 3784 2128 3824 esse.
2235 3767 2431 3840 Atque
2502 3768 2885 3837 obscuritate,

528 3895 682 3951 quae
729 3878 1062 3934 difficiliore
1111 3876 1380 3932 struendi
1427 3874 1659 3930 ratione
1706 3881 1765 3929 et
1812 3874 2031 3929 rariore
2076 3874 2505 3930 vocabulorum
2566 3874 2656 3928 vel
2704 3875 2885 3931 obso-

527 3986 782 4041 letorum
828 3984 920 4040 vel
965 4000 1121 4040 nove
1176 3982 1508 4056 positorum
1563 3998 1676 4036 usu
1738 3968 2089 4053 plerumque
2150 3980 2287 4036 oriri
2344 3980 2594 4048 videtur,
2661 3979 2887 4037 factum

527 4102 635 4162 est,
684 4102 753 4149 ut
798 4093 1164 4166 temporibus
1226 4092 1410 4147 medii
1473 4090 1602 4146 aevi
1651 4088 2056 4145 Tertullianus
2122 4108 2245 4146 non
2290 4089 2543 4145 multum
2592 4090 2887 4162 legeretur

526 4201 864 4273 scriptaque
931 4200 1057 4255 eius
1121 4216 1331 4276 parum
1405 4198 1902 4257 describerentur,
1974 4204 2032 4251 et
2094 4204 2159 4253 ut
2227 4197 2446 4253 nostris
2517 4196 2883 4269 temporibus
