3157 4938
1570 278 1968 343 „2-

584 463 727 521 iuris
774 464 1186 521 consultorum
1231 461 1505 536 propriiS,
1562 452 1676 535 ipsi
1723 469 1906 518 testes
1955 463 2074 519 sint
2119 462 2284 520 illum
2330 465 2527 538 primo
2579 463 2971 520 causidicum

587 570 789 639 fuisse,
838 569 1071 626 etiamsi
1118 576 1283 625 certo
1329 568 1571 642 probari·
1617 586 1744 624 non
1786 577 1988 643 potest
2034 587 2173 625 eum
2221 568 2696 639 Tertullianum,
2759 570 2864 643 qui
2911 570 2974 625 in

584 675 849 751 Digestis
897 676 989 732 bis
1038 677 1268 743 citetur,
1318 676 1580 731 eundem
1627 692 1762 731 esse
1806 692 1879 731 ac
1926 683 2250 733 nostrum·

796 783 1058 840 Plurima
1123 788 1326 838 autem
1388 779 1764 838 Tertulliano
1833 798 2171 840 sermonem
2239 783 2644 840 christianum
2713 783 2972 857 fingenti

585 890 818 947 affluxit
864 907 937 945 ex
985 906 1059 945 eo
1108 905 1403 953 sermone,
1452 904 1572 961 quo
1619 889 1750 961 ipse
1803 889 2100 957 utebatur,
2147 888 2458 947 Africitate
2491 906 2660 963 quae
2693 896 2971 946 vocatur.

584 995 723 1054 Hoc
784 996 945 1053 enim
1010 1013 1236 1052 nomen
1314 995 1576 1051 sermoni
1655 994 1936 1050 Afrorum
2004 997 2244 1069 proprio
2313 996 2582 1054 inditum
2656 1004 2774 1053 est.
2895 994 2977 1052 At

587 1103 826 1160 fuerunt
893 1102 999 1159 viri
1039 1102 1260 1171 ·docti,
1352 1101 1454 1175 qui
1522 1108 1815 1175 negarent
1879 1102 2186 1176 proprium
2252 1101 2538 1161 Afrorum
2623 1120 2977 1161 sermonem

586 1209 901 1280 exstitisse,
951 1210 1113 1267 velut
1156 1208 1500 1277 Nibuhrius,
1566 1208 1668 1283 qui
1723 1209 2116 1265 contenderet
2168 1215 2402 1285 praeter
2455 1226 2760 1283 magnam
2824 1209 2974 1285 pris-

586 1335 793 1374 carum
846 1334 1063 1373 vocum
1127 1324 1188 1373 et
1249 1316 1663 1373 elocutionum
1718 1315 1954 1389 copiam
2019 1316 2185 1372 illum
2240 1316 2386 1372 nihil
2439 1316 2743 1375 habuisse
2809 1316 2978 1390 quod

587 1424 699 1481 soli
744 1423 983 1481 Africae
1027 1422 1371 1498 provinciae
1416 1421 1717 1496 peculiare
1764 1430 1925 1478 esset
1969 1430 2029 1479 et
2073 1422 2386 1479 Kaulenus
2435 1420 2827 1499 (Handbuch
2871 1424 2978 1479 der

588 1528 869 1605 Vulgata,
930 1528 1113 1605 1870,
1160 1548 1217 1605 p.
1268 1526 1351 1608 4),
1411 1529 1514 1602 qui
1569 1528 1961 1604 proprietates
2010 1529 2258 1604 singulis
2305 1530 2708 1605 scriptoribus
2767 1531 2973 1605 potius

588 1636 1017 1694 adscribendas
1066 1653 1200 1693 esse
1248 1642 1538 1692 censeret.
1634 1633 1756 1691 Sed
1800 1642 2121 1710 postquam
2166 1637 2368 1722 docte⁸
2393 1644 2455 1693 et
2481 1645 2786 1696 accurate
2835 1654 2975 1694 cum

586 1742 847 1801 Sittelius
910 1738 1045 1821 (Die
1099 1743 1343 1801 lokalen
1390 1740 2009 1799 Verschiedenheiten
2070 1744 2178 1799 der
2224 1743 2627 1803 lateinischen
2677 1743 2971 1821 Sprache‚

595 1846 779 1921 1882,
826 1869 887 1926 p.
943 1863 1043 1925 77,
1092 1848 1204 1929 sq),
1282 1856 1415 1906 tum
1460 1846 1857 1907 Woelfflinius
1905 1858 1965 1907 et
2011 1851 2114 1925 qui
2159 1869 2299 1908 cum
2345 1869 2419 1909 eo
2467 1853 2680 1910 studia
2729 1869 2846 1909 sua
2893 1851 2972 1906 de

585 1959 700 2016 ista
743 1976 807 2015 re
852 1959 916 2015 in
959 1957 1389 2034 promptuario,
1463 1958 1630 2030 quod
1685 1957 2058 2014 inscribitur:
2131 1957 2392 2026 „Archiv
2447 1958 2540 2015 fiir
2599 1957 2969 2017 lateinische

584 2064 1061 2140 Lexikographie
1122 2065 1251 2121 und
1317 2062 1730 2120 Grammatik“
1789 2063 2252 2132 collocaverunt,
2316 2064 2474 2121 hanc
2533 2067 2968 2139 quaestionem

584 2177 1113 2247 pertractaverunt,
1172 2172 1236 2227 id
1300 2177 1466 2227 extra
1523 2169 1965 2227 dubitationem
2020 2170 2285 2244 positum
2330 2172 2564 2228 videtur
2612 2190 2760 2229 esse
2808 2190 2966 2229 non-

538 2304 543 2307 ·
582 2279 767 2348 nulla,
830 2295 985 2352 quae
1039 2279 1119 2335 ad
1174 2278 1336 2334 solos
1384 2276 1562 2334 Afros
1619 2276 1935 2335 referenda
1991 2278 2128 2334 sint.
2222 2277 2488 2335 Sittelius
2554 2297 2708 2337 sane
2774 2280 2966 2336 multa

582 2402 811 2454 eorum,
861 2402 1015 2459 quae
1060 2392 1241 2441 antea·
1284 2385 1361 2439 de
1391 2382 1703 2440 Africitate
1750 2392 2058 2453 statuerat,
2106 2387 2404 2442 revocavit
2450 2393 2510 2443 et
2558 2386 2845 2456 fortasse,
2897 2386 2968 2441 ni

586 2493 773 2561 fallor,
821 2493 997 2548 nimis
1044 2491 1249 2548 multa.
1344 2489 1678 2548 Contendit
1732 2492 1892 2548 enim
1956 2487 2420 2568 (Jahresbericht
2480 2493 2627 2549 iiber
2695 2492 2963 2568 Vulgar-

584 2600 715 2655 und
781 2598 1127 2673 Spatlatein,
1203 2595 1388 2672 1891,
1458 2617 1518 2674 p.
1597 2595 1772 2674 236):
1870 2597 2036 2668 „Das
2107 2607 2480 2673 sogenannte
2551 2599 2965 2659 afrikam‘sche

583 2707 797 2764 Latein
864 2708 941 2764 ist
1008 2707 1421 2782 grosstenteils
1491 2706 1938 2781 apuleianische
1999 2705 2306 2763 Rhetorik.
2419 2705 2759 2766 Tertullian
2834 2708 2962 2764 und

586 2813 849 2888 Cyprian
894 2814 1215 2887 allerdings
1262 2814 1462 2870 haben
1509 2813 1639 2869 sich
1684 2814 1870 2869 selbst
1915 2815 1978 2868 in
2023 2812 2192 2868 ihren
2234 2814 2388 2868 nach
2422 2814 2543 2869 den
2578 2814 2824 2890 Regeln
2854 2815 2963 2871 der

583 2921 873 2978 Rhetorik
921 2919 1278 2994 angelegten
1324 2917 1624 2975 Schriften
1681 2919 1908 2975 seinem
1953 2917 2182 2974 Zauber
2245 2919 2411 2975 nicht
2456 2921 2574 2976 voll
2621 2923 2754 2978 und
2800 2937 2956 2996 ganz

583 3028 1022 3102 hingegeben.“

795 3133 1093 3206 Equidem
1138 3135 1216 3189 de
1265 3133 1476 3189 ceteris
1525 3131 1913 3206 scriptoribus
1958 3132 2247 3189 iudicium
2279 3151 2440 3190 nunc
2473 3133 2758 3204 cohibeo;
2811 3149 2957 3190 nam

585 3247 876 3314 quantum
938 3238 1347 3295 Tertullianus
1408 3247 1557 3294 *cum
1625 3237 2010 3312 popularibus
2081 3239 2203 3294 suis
2266 3238 2591 3309 Frontone,
2663 3240 2947 3316 ApuleiO,

584 3347 874 3415 MinuciO,
946 3343 1161 3414 Gellio,
1238 3344 1559 3420 CyprianO,
1633 3345 1901 3401 Arnobio
1975 3346 2038 3401 in
2101 3361 2214 3400 usu
2279 3346 2571 3420 copiaque
2633 3349 2955 3405 verborum

585 3461 765 3527 atque
809 3454 873 3509 in
920 3454 1153 3526 syntaxi
1201 3460 1260 3509 et
1308 3453 1443 3508 stilo
1492 3453 1823 3510 concordet
1870 3460 2280 3526 quantumque
2327 3453 2643 3528 discrepet,
2691 3454 2952 3530 perspici

586 3579 713 3618 non
757 3560 996 3635 poterit,
1060 3561 1408 3633 priusquam
1465 3576 1662 3616 sermo
1725 3560 1852 3616 eius
1910 3560 2122 3616 melius
2181 3560 2506 3617 illustratus
2570 3562 2698 3620 erit.
2794 3559 2953 3618 Illud

587 3686 733 3726 sane
790 3667 1135 3740 quicunque
1183 3666 1540 3724 Tertulliani
1597 3667 1818 3740 scripta
1883 3669 2076 3724 obiter
2122 3676 2357 3725 tantum
2420 3671 2768 3744 cognoverit
2831 3670 2950 3725 iam

585 3792 749 3832 nunc
802 3773 947 3830 mihi
1007 3776 1304 3832 concedet
1364 3791 1555 3849 genus
1617 3775 1916 3831 scribendi
1964 3776 2114 3851 eiuS,
2181 3777 2448 3849 quamvis
2496 3778 2683 3833 multa
2729 3777 2962 3833 habeat

587 3899 725 3938 cum
772 3883 983 3939 ceteris
1030 3881 1188 3938 Afris
1238 3882 1691 3950 concordantia,
1741 3889 1943 3938 tamen
1990 3883 2066 3938 ab
2113 3883 2451 3956 aequalium
2483 3892 2542 3940 et
2572 3885 2948 3958 popularium

584 3989 943 4063 scriptorum
988 3992 1349 4065 proprietate
1396 3991 1459 4047 in
1504 3990 1706 4047 multis
1755 3991 2156 4048 abalienatum
2203 4009 2354 4049 esse.
2427 3991 2548 4048 Sed
2593 3992 2712 4048 hoc
2757 3990 2946 4048 multo

545 4155 551 4162 ,
584 4097 775 4174 magis
824 4096 1069 4170 ingenio
1117 4105 1176 4152 et
1221 4114 1515 4170 personae
1563 4097 1866 4170 scriptoris
1914 4098 2205 4172 assignari
2251 4099 2432 4156 debet
2473 4115 2653 4172 quam
2684 4095 2947 4156 sermoni

584 4219 707 4275 quo
753 4203 1047 4260 utebatur.
1140 4202 1295 4260 Nam
1344 4204 1393 4260 si
1440 4205 1773 4276 quisquam,
1839 4203 2245 4262 Tertullianus
2291 4207 2496 4280 generi
2544 4206 2788 4262 dicendi
2833 4219 2944 4260 suo
