3157 4938
1521 342 1603 348 --
1700 304 1959 367 22.-

550 488 768 543 bantur
790 481 838 568 ¹)
933 487 1052 542 Sed
1100 487 1430 543 Minucium
1479 487 1740 543 Felicem
1761 479 1812 564 2)
1863 495 1921 543 et
1972 487 2425 556 Tertullianum,
2478 508 2732 562 quorum
2786 491 2915 545 libri

551 595 663 668 ipsi
711 611 950 666 quoque
996 594 1183 658 multa
1232 595 1583 650 contineant
1629 595 1885 666 priscam
1945 595 2297 650 latinitatem
2362 597 2712 666 redolentia,
2771 615 2917 654 num

550 702 890 775 putabimus
950 702 1228 757 consulto
1293 703 1609 775 scriptores
1674 703 1897 773 primae
1961 703 2171 756 aetatis
2240 702 2480 775 linguae
2537 706 2799 760 imitatos
2858 712 2914 758 et

551 810 625 864 ab
675 810 758 863 cis
804 809 1099 876 vocabula
1144 815 1448 863 mutuatos
1499 805 1675 863 esse?
1723 807 1940 863 Nonne
1992 809 2137 862 alter
2182 806 2489 864 Ciceronis
2538 811 2913 882 potissimum

551 916 810 971 imitator
889 922 995 981 est,
1095 897 1242 970 alter
1321 924 1699 988 contemptor
1777 916 2046 970 omnium
2116 915 2441 970 litterarum
2507 914 2915 972 ethnicarum?

550 1021 903 1093 Priusquam
951 1023 1130 1095 igitur
1179 1022 1256 1076 ad
1306 1039 1428 1076 rem
1477 1025 1668 1094 ipsam
1717 1023 2096 1083 accedamus,
2146 1023 2569 1092 inquirendum
2602 1025 2911 1090 est‚'unde

551 1145 704 1200 quae
761 1131 991 1201 priscae
1054 1129 1292 1200 linguae
1349 1130 1589 1202 propria
1644 1129 1827 1182 insint
1882 1130 1943 1182 in
2002 1145 2277 1182 sermone
2337 1127 2749 1185 Tertullianeo
2798 1131 2913 1184 ori-

551 1237 752 1307 ginem
801 1236 1046 1290 ducant.

765 1344 1044 1398 Fortasse
1093 1345 1154 1398 in
1204 1345 1410 1400 schola
1460 1345 1670 1399 saltem
1707 1343 2057 1398 Terentium
2108 1351 2488 1415 cognoverat,
2540 1352 2719 1411 certe,
2769 1345 2915 1398 dum

550 1450 823 1506 ethnicus
895 1460 1036 1518 erat,
1110 1452 1332 1524 legerat
1395 1450 1690 1507 Plautum.
1808 1449 1934 1505 Nec
1999 1451 2249 1505 aliorum
2320 1451 2678 1523 scriptorum
2740 1451 2916 1523 plane

548 1558 789 1630 ignarus
840 1566 946 1623 est,
997 1558 1060 1612 id
1109 1558 1273 1629 quod
1320 1557 1470 1612 infra
1518 1558 1921 1630 probabimus.

763 1662 1023 1719 Difficile
1093 1673 1291 1719 autem
1348 1664 1489 1720 mihi
1563 1665 1796 1719 videtur
1862 1663 2210 1729 diiudicare,
2284 1680 2437 1734 quae
2510 1662 2585 1718 T.
2654 1665 2783 1736 ipse
2854 1672 2919 1719 ut

551 1770 806 1826 fructum
854 1772 1126 1826 lectionis
1177 1772 1266 1826 vel
1314 1772 1637 1826 auditionis
1686 1772 2017 1843 priscorum
2064 1778 2373 1842 poetarum
2420 1771 2481 1825 in
2535 1787 2709 1826 suum
2741 1788 2919 1826 usum

551 1880 925 1945 converterit,
1007 1887 1064 1934 et
1135 1895 1288 1950 quae
1353 1879 1743 1943 elocutione&
1824 1893 1977 1948 quae
2055 1877 2245 1948 primo
2318 1878 2530 1932 obtutu
2604 1879 2917 1932 vetustatis

548 1985 818 2040 habitum
885 2002 1026 2057 prae
1104 2002 1167 2040 se
1239 1984 1389 2038 ferre
1459 1985 1632 2039 nobis
1700 1985 1991 2050 videntur,
2066 1985 2145 2037 ad
2212 2000 2548 2038 sermonem
2614 1985 2915 2057 plebeium

547 2093 898 2164 pertineant.
993 2091 1064 2146 Id
1111 2092 1269 2145 enim
1319 2109 1425 2163 pro
1475 2099 1639 2146 certo
1689 2090 2034 2145 habendum
2083 2098 2172 2144 est
2204 2092 2265 2144 in
2300 2107 2576 2146 sermone
2610 2091 2915 2160 Afrorum,

549 2199 762 2269 quibus
810 2199 1013 2271 lingua
1060 2198 1243 2253 latina
1292 2199 1655 2270 tem-poribus
1716 2197 2007 2252 bellorum
2066 2198 2425 2270 punicorum
2483 2198 2662 2254 allata
2708 2208 2833 2253 erat
2878 2217 2915 2253 a

546 2305 828 2360 militibus
898 2305 1178 2371 romaniS,
1244 2322 1368 2359 non
1437 2322 1631 2377 pauca
1699 2305 2011 2370 resedisse,
2087 2321 2240 2375 quae
2306 2304 2428 2358 sive
2488 2305 2719 2376 priscae
2785 2306 2909 2360 sive

549 2413 773 2486 vulgari
835 2413 1092 2466 sermoni
1157 2412 1484 2466 debeamus
1549 2413 1889 2466 attribuere.
1998 2410 2137 2481 Quo
2202 2411 2282 2479 fit,
2349 2419 2413 2466 ut
2473 2419 2562 2467 tot
2624 2412 2915 2466 vocabula

545 2520 741 2592 prisca
787 2521 948 2592 apud
997 2536 1206 2574 omnes
1256 2519 1378 2574 fere
1424 2519 1602 2575 Afros
1654 2521 1919 2575 redeant.

761 2626 829 2682 In
888 2625 1239 2682 Tertulliani
1303 2628 1464 2682 libris
1531 2626 1753 2681 multae
1814 2636 2135 2681 occurrunt
2196 2644 2396 2693 voceS,
2460 2644 2613 2698 quae
2676 2644 2711 2681 a
2770 2627 2913 2681 solis

545 2736 754 2807 priscis
825 2735 1017 2807 poetis
1087 2735 1493 2805 imprimisque
1583 2752 1615 2787 a
1685 2732 1899 2789 Plauto
1978 2742 2315 2806 usurpatae,
2405 2734 2471 2787 in
2547 2733 2911 2788 oblivionem

545 2846 778 2900 venisse
847 2844 935 2897 vel
1006 2844 1369 2914 temporibus
1441 2844 1816 2899 intercidisse
1887 2843 2179 2908 videntur,
2253 2860 2379 2897 non
2440 2842 2637 2896 minus
2705 2849 2907 2895 autem

545 2951 785 3017 multae,
851 2967 1020 3021 quae,
1087 2966 1448 3020 quamquam
1513 2950 1673 3021 apud
1731 2958 1961 3004 ceteros
2026 2964 2264 3021 quoque
2328 2949 2693 3019 antiquarios
2740 2964 2907 3019 repe-

545 3060 792 3126 riuntur,
858 3075 929 3111 ex
991 3057 1183 3128 prisca
1247 3057 1539 3112 latinitate
1604 3074 1726 3111 non
1776 3058 2055 3125 citantur,
2123 3057 2243 3110 sive
2307 3056 2469 3127 quod
2531 3072 2735 3109 revera
2796 3054 2909 3108 illis

546 3166 783 3239 linguae
853 3163 1217 3234 temporibus
1289 3165 1561 3218 nondum
1625 3164 1685 3217 in
1749 3180 1860 3219 usu
1942 3163 2191 3230 fuerant,
2268 3164 2389 3217 sive
2460 3163 2626 3233 quod
2695 3162 2914 3233 exigua

758 3338 803 3402 .¹)
845 3335 906 3388 cf.
949 3334 1217 3387 Sittelirm
1265 3336 1568 3388 Jahresber.
1616 3335 1750 3387 1891
1804 3354 1855 3404 p.
1899 3336 2024 3387 231:
2089 3336 2194 3386 Fi'u·
2244 3334 2330 3386 die
2377 3334 2653 3402 Epigonen,
2706 3332 2906 3385 kamen

839 3441 1030 3477 ausser
1082 3424 1186 3476 den
1234 3427 1590 3480 archaischen
1640 3426 1953 3478 Klassikern
2005 3424 2192 3477 Cicero
2244 3423 2359 3475 und
2397 3423 2572 3491 Vergil
2617 3422 2717 3474 mit
2753 3416 2905 3474 ihren

840 3515 1222 3581 Zeitgenossen
1265 3515 1321 3567 in
1359 3516 1625 3569 Betracht.
1704 3515 1876 3567 Einen
1916 3514 2215 3582 Gegensatz
2267 3513 2538 3566 zwischen
2585 3511 2753 3578 jenen
2792 3510 2907 3563 und

840 3603 1026 3656 diesen
1065 3604 1440 3657 konstruieren
1478 3622 1544 3657 zu
1584 3605 1797 3669 wollen,
1852 3606 1933 3657 als
1986 3604 2056 3655 ob
2111 3603 2208 3655 mit
2254 3602 2455 3655 Fronto
2507 3602 2629 3654 eine
2678 3600 2907 3653 Periode

830 3694 925 3746 des
963 3691 1316 3746 Archaismus
1354 3694 1732 3761 angebrochen
1772 3688 1874 3758 sei,
1908 3693 1976 3745 ist
2014 3692 2103 3744 ein
2134 3692 2549 3754 Unternehrnen,
2594 3690 2695 3743 das
2724 3690 2908 3742 weder

838 3782 1007 3835 durch
1047 3781 1132 3834 die
1170 3782 1734 3836 litterarhistorischen
1773 3781 2068 3849 Zeugnisse
2114 3770 2257 3834 noch
2309 3780 2476 3833 durch
2528 3779 2614 3831 die
2668 3779 2907 3846 Sprache

835 3872 1067 3924 Frontos
1117 3872 1229 3924 und
1286 3872 1463 3924 seiner
1509 3872 1831 3938 Nachfolger
1882 3871 2048 3923 selbst
2108 3874 2332 3937 gestiitzt
2385 3870 2466 3922 ist.
2522 3910 2746 3920 .....
2806 3867 2905 3919 Die

835 3962 1141 4028 Vorganger
1192 3960 1410 4014 Ciceros
1461 3961 1574 4013 und
1624 3960 1826 4027 Vergils
1876 3960 2103 4012 wurden
2164 3977 2229 4011 zu
2291 3960 2433 4012 allen
2484 3957 2669 4009 Zeiten
2722 3958 2905 4025 geehrt

834 4050 948 4103 und
996 4052 1224 4118 gelesen.
1310 4050 1563 4103 Attamen
1623 4049 1708 4101 isti
1774 4049 2065 4117 antiquarii
2116 4050 2404 4117 scriptores
2461 4046 2669 4115 priscos
2728 4046 2905 4114 magis

840 4140 1036 4193 imitati
1077 4146 1202 4192 sunt
1240 4156 1404 4208 quarn
1446 4140 1589 4192 ullus
1627 4140 1887 4207 priorum.

757 4250 798 4315 2)
839 4249 900 4302 cf,
943 4248 1260 4301 Woelfflinii
1303 4246 1500 4300 Archiv
1540 4248 1628 4301 Vll
1668 4248 1772 4298 475
1813 4263 1888 4314 sq.
