3157 4938
1178 311 1625 376 ,65-

225 496 417 568 quod
470 495 897 570 reliquisset
951 496 1211 552 iterum
1265 496 1700 570 recepisset;
1765 493 2055 569 Hermog.
2109 493 2176 551 6:
2252 496 2366 553 cui
2430 513 2579 553 ma-

218 604 404 658 teria
451 612 852 660 coaetanea
898 610 1024 660 est.

422 726 771 784 congrex
819 710 1060 765 admisit
1107 707 1283 782 Apul.
1332 716 1474 764 met.
1531 723 1588 782 7,
1649 707 1758 766 16:
1807 709 2129 782 equinis
2180 711 2576 767 armentis

216 833 550 889 namque
612 833 718 872 me
780 833 1265 890 congregem
1324 825 1609 890 pastor
1663 816 2097 889 aliquando
2162 817 2574 890 permisit3

214 924 501 980 translate
565 931 765 980 autem
835 921 1002 980 Tert.
1075 941 1250 998 paen.
1326 923 1438 979 11:
1527 924 1747 980 nullis
1829 923 2573 982 commessationibus

220 1047 696 1104 congreges

419 1144 851 1211 graecatus
925 1134 1034 1214 (z
1104 1137 1203 1210 qui
1262 1135 1530 1193 Graecos
1600 1133 1775 1213 sapit)
1845 1137 2099 1210 legimus
2166 1139 2331 1212 apud
2396 1138 2575 1212 Apul.

212 1244 372 1317 apol.
427 1240 506 1316 87
559 1244 925 1317 epistula
971 1219 1455 1316 graecatior.
1533 1243 1830 1300 Pluralem
1878 1243 2111 1318 scripsit
2161 1242 2328 1301 Tert.
2361 1245 2498 1318 pall.
2534 1262 2574 1318 4

214 1347 290 1426 (p.
355 1363 481 1423 939
545 1346 668 1427 O.),
733 1351 782 1406 si
845 1357 1008 1406 recte
1063 1351 1321 1407 coniecit
1383 1348 1734 1424 Gangneius
1789 1349 2258 1424 ‘graecatos
2315 1345 2572 1408 decet’

208 1474 316 1530 pro
367 1473 460 1525 e0,
510 1457 674 1528 quod
722 1457 965 1512 codices
1023 1449 1305 1514 exhibent
1355 1461 1800 1532 ‘graecatur
1857 1449 2150 1525 decet'‚
2215 1459 2379 1531 quod
2427 1476 2575 1515 sane

209 1562 454 1620 defendi
487 1571 705 1636 potest,
740 1563 808 1632 si,
844 1564 1009 1636 quod
1033 1564 1295 1620 editores
1322 1563 1566 1631 faciunt,
1598 1556 1611 1572 ‘
1632 1558 1861 1621 decet’
1891 1572 2156 1621 mutatur
2183 1555 2277 1621 in‘
2299 1558 2569 1622 dicet'.

419 1670 891 1727 indefectus
977 1671 1268 1744 praebent
1344 1671 1522 1745 Apul.
1604 1673 1683 1729 de
1758 1673 1875 1728 deo
1946 1671 2114 1728 Socr.
2201 1690 2274 1746 4:
2344 1674 2567 1730 viva-

210 1777 416 1833 citas
463 1785 795 1834 aeterna
842 1785 918 1832 et
962 1776 1378 1835 indefecta
1426 1786 1485 1834 et
1533 1776 1701 1835 Tert.
1750 1779 1887 1851 pall.
1942 1793 2008 1850 3:
2078 1777 2569 1836 Chameleon

207 1885 528 1941 ieiunus
577 1902 881 1958 semper
927 1892 995 1940 et
1040 1884 1520 1954 indefectus;
1570 1886 1729 1960 apol.
1785 1899 1893 1941 21:
1942 1892 2202 1942 manet
2247 1886 2577 1961 integra

208 1999 280 2047 et
329 1991 736 2048 indefecta
781 1990 1170 2047 materiae
1215 1992 1518 2048 matrix.
1571 2054 1587 2068 ,

416 2097 880 2172 ineffigiatus
952 2097 1063 2174 (=
1132 2089 1457 2180 ἄμορφος)
1544 2101 1709 2174 apud
1776 2099 1951 2174 Apul.
2018 2101 2255 2174 saepius
2330 2101 2570 2176 legitur,

206 2206 371 2280 apud
419 2203 571 2262 Gell.
649 2218 746 2279 17,
818 2219 913 2274 10,
981 2219 1016 2277 3
1081 2211 1154 2262 ut
1200 2205 1338 2262 illa
1384 2207 1647 2263 bestia
1694 2205 1933 2263 fetum
1980 2207 2262 2263 ederet
2306 2207 2565 2281 ineffi-

203 2321 457 2387 gatum
504 2308 1085 2386 informemque’.
1189 2311 1356 2369 Tert.
1430 2312 1548 2369 hoc
1612 2313 1910 2368 adiectivo
1970 2329 2115 2370 usus
2181 2322 2273 2369 est
2332 2332 2428 2372 an.
2496 2330 2567 2388 9:

158 2427 163 2432 '
206 2420 450 2478 anima
496 2419 1048 2477 indissolubilis
1097 2427 1170 2477 et
1214 2419 1668 2494 ineffigiata;
1720 2417 1819 2494 (cf.
1866 2419 1945 2476 ib.
2000 2433 2108 2476 22:
2170 2419 2570 2479 definimus

217 2528 534 2585 animam
625 2528 738 2583 dei
832 2527 1010 2584 flatu
1104 2536 1374 2596 natam,
1468 2527 1972 2596 immortalem,
2077 2530 2566 2601 corporalem,

205 2628 673 2713 effigiatam).

420 2742 751 2797 inunitus
800 2758 910 2814 pro
949 2732 1188 2797 ‘unitus’
1239 2757 1276 2796 a
1330 2740 1635 2796 nonnullis
1695 2740 1832 2796 viris
1901 2740 2095 2796 doctis
2159 2741 2567 2799 addubitatur.

204 2846 358 2904 Cod.
423 2848 586 2905 enim
647 2848 908 2905 Florent.
975 2847 1188 2921 Apulei
1250 2848 1496 2921 praebet
1564 2856 1706 2904 met.
1781 2847 1885 2914 11,
1963 2859 2039 2920 27
2108 2844 2565 2922 ‘quamquam

204 2955 395 3011 enim
442 2973 798 3024 connexa,
845 2956 1062 3012 immo
1110 2972 1275 3011 vero
1321 2955 1602 3011 munita
1647 2954 1837 3011 ratio
1885 2954 2205 3010 numinis
2253 2956 2566 3029 religio-

202 3062 470 3133 nisque
531 3052 767 3121 esset'.
873 3060 1013 3119 Van
1074 3064 1182 3118 der
1239 3060 1398 3117 Vliet
1459 3062 1523 3117 in
1589 3068 1816 3116 textum
1879 3060 2103 3132 recepit
2165 3058 2567 3118 Hildebrandi

183 3167 618 3223 'coniecturam
666 3169 982 3239 inunita,
1047 3187 1159 3226 suo
1216 3169 1361 3236 iure,
1425 3180 1492 3223 ut
1536 3175 1706 3241 puto·
1800 3166 1871 3223 In
1932 3174 2160 3223 textum
2210 3165 2565 3225 Tertulliani

202 3272 369 3327 idem
401 3274 762 3332 adjectivum
792 3277 1018 3350 recepit
1050 3273 1405 3333 Oehlerus
1437 3273 1574 3331 Val.
1618 3288 1726 3347 29:
1768 3272 2201 3329 ‘triformem
2234 3283 2564 3333 naturam

202 3380 610 3452 primordio
639 3381 958 3456 professi
993 3391 1062 3439 et
1093 3392 1329 3439 tamen
1354 3382 1719 3439 inunitam
1742 3383 1813 3438 in
1837 3374 2101 3437 Adam'.
2140 3378 2293 3438 Cod.
2318 3378 2565 3439 Vindob

203 3496 263 3542 et
300 3484 472 3546 Leid.
521 3487 803 3545 exhibent
841 3477 1190 3557 ‘unitatem'‚
1223 3500 1312 3546 ‘ex
1359 3507 1478 3563 qua
1522 3490 1779 3546 lectione
1806 3481 2085 3561 perversa
2114 3486 2565 3547 'Hildebrandus

207 3594 400 3649 voluit
430 3585 1196 3663 restituere‘unitatam’‚
1247 3595 1544 3653 Pamelius
1591 3586 1941 3663 ‘unitam'‚
1986 3612 2240 3669 quorum
2270 3594 2389 3652 hoc
2418 3596 2567 3653 mihi

212 3702 404 3775 magis
449 3702 672 3758 arridet
718 3719 896 3775 quam
944 3703 1111 3771 illud,
1160 3703 1273 3759 nisi
1322 3701 1585 3761 Oehlero
1631 3702 2123 3777 adstipulandum
2172 3711 2281 3759 est.

417 3808 619 3865 Minus
711 3810 960 3866 dubium
1054 3817 1145 3873 est
1227 3798 1765 3878 ‘invincibilis',
1860 3809 2029 3881 quod
2121 3808 2330 3881 optimi
2424 3811 2563 3876 cod,

199 3916 495 3988 praebent
584 3916 760 3989 Apul.
855 3917 1012 3991 apol.
1111 3930 1192 3989 35
1289 3935 1389 3975 ex:
1487 3906 1770 3991 ‘gravia
1875 3924 1943 3971 et
2044 3910 2559 3989 invincibilia’‚

205 4025 372 4095 quod
432 4022 881 4081 Hildebrandus
945 4031 1148 4081 tamen
1215 4024 1426 4081 maluit
1497 4032 1729 4079 mutare
1795 4023 1858 4078 in
1919 4012 2379 4091 ‘vincibilia’,
2451 4026 2561 4081 sed

198 4129 433 4187 iniuria.
523 4132 702 4205 Apud
750 4129 918 4188 Tert.
970 4129 1258 4205 Hermoq.
1314 4132 1390 4187 11
1459 4132 1639 4187 lectio
1694 4120 2165 4186 ‘invincibile
2228 4138 2297 4187 et
2357 4132 2564 4188 insu-

199 4238 524 4310 perabile
568 4228 850 4295 malum'
904 4247 1064 4296 sarta
1111 4248 1270 4296 tecta
1316 4248 1423 4296 est.

2337 4337 2378 4403 5
