3157 4938
852 498 1254 553 traditum
1329 504 1453 552 cst
1530 516 1685 553 non
1749 498 2267 553 vasculorum
2337 496 3039 568 inquinamentiS,

649 604 787 660 sed
833 620 1132 671 eorum,
1196 620 1396 675 quae
1462 622 1548 659 ex
1597 622 1730 659 ore
1786 612 2296 677 promuntur,
2360 602 2780 657 hominem
2833 619 3036 657 com-

580 692 584 697 *
648 710 1041 765 municari
1089 719 1242 784 pat.
1294 710 1352 766 8.
1448 708 1782 784 Utrobique
1847 729 1880 766 e
1942 712 2229 767 memoria
2293 710 2435 766 citat
2490 709 2684 765 Marc,
2763 723 2922 781 7‚15
2988 718 3041 764 et

646 816 810 873 haud
857 816 1039 872 dubie
1089 816 1353 885 „Italae“
1404 820 1596 875 verbis
1645 820 1846 875 utitur.

862 958 918 1036 7)
969 956 1151 1019 verba
1202 957 1526 1020 insolenter·
1573 976 1744 1021 more
1792 976 2017 1039 graeco
2068 958 2349 1037 genetivo
2399 957 2620 1019 iuncta:

867 1063 1160 1125 dominari
1190 1060 1231 1143 ¹)
1282 1086 1333 1123 c.
1382 1088 1517 1141 gen.
1569 1079 1660 1125 est
1709 1060 1936 1147 ἄρχειν
1980 1061 2192 1133 ravos:

864 1191 1259 1245 nunquam
1308 1176 1810 1232 dominaturi
1858 1176 2031 1231 eius
2079 1176 2280 1249 apol.
2333 1172 2446 1243 26;

865 1281 1005 1336 ille
1052 1282 1606 1338 dominabitur
1654 1284 1767 1338 tui
1817 1283 2001 1338 cult.
2055 1282 2091 1337 f.
2142 1281 2230 1337 11
2293 1278 2516 1359 (Itala);

856 1385 1317 1446 commemorari
1341 1381 1387 1467 2)
1501 1409 1551 1446 e.
1647 1409 1783 1463 gen.
1853 1376 1986 1463 'pro
2077 1390 2443 1445 mentionem
2537 1388 2750 1444 facere
2846 1388 3027 1443 simile

646 1502 737 1551 est
782 1512 1000 1567 graeco
1048 1496 1229 1550 verbo
1277 1486 1795 1571 ἀναμιμνήσκειν
1839 1482 1991 1551 rtiaecc'
2035 1513 2232 1564 τινος.

856 1610 938 1656 ut
986 1611 1058 1656 et
1104 1602 1331 1657 illius
1383 1618 2084 1657 commemoremur
2133 1602 2316 1675 fuga
2367 1616 2438 1675 9;

855 1716 929 1763 et
1015 1710 1079 1763 si
1172 1725 1970 1764 commemoraremur
2071 1710 2646 1781 promissionis
2765 1708 3020 1780 Moysi

651 1812 880 1871 Mare.
930 1813 1015 1870 lv
1054 1830 1166 1885 223

855 1919 1115 2000 gaudere
1136 1914 1185 1997 3)
1238 1941 1290 1979 e.
1340 1942 1399 1995 g.
1450 1922 1776 1995 respondet
1821 1939 2042 1996 graeco
2091 1911 2384 1993 ἥδεσθαί
2428 1937 2622 1989 τινος.

854 2031 1043 2101 quid
1090 2030 1235 2085 hoc
1282 2029 1561 2085 malum
1610 2038 1760 2096 est,
1799 2029 2025 2084 cuius
2060 2044 2238 2083 reus
2272 2027 2611 2100 gaudet?
2666 2032 2838 2105 apol.
2881 2046 2900 2085 1
2933 2049 3013 2085 ex.

853 2168 913 2248 8)
965 2168 1146 2229 verba
1194 2185 1416 2247 graeco
1466 2184 1636 2229 more
1686 2167 1886 2229 dativo
1935 2171 2102 2247 apta:

852 2273 1177 2337 conluctari
1204 2275 1247 2352 ²)
1299 2274 1468 2337 alicui
1517 2298 1605 2327 z
1650 2268 2004 2354 μάχεσθαι’
2047 2293 2192 2335 τινι.

861 2386 1385 2440 conluctatus
1433 2384 1734 2439 homini
1782 2384 2122 2456 angelus
2173 2400 2318 2439 car.
2371 2380 2511 2439 Chr.
2567 2398 2637 2457 3;

853 2487 1137 2568 congredi
1186 2487 1356 2551 alicui
1407 2513 1493 2540 ——-
1541 2487 1996 2548 G'Ul't'o‘l'sco‘t‘)'cc1'
2041 2507 2187 2548 τινι.

848 2615 1145 2670 congre
1171 2616 1353 2654 ssus
1396 2596 1886 2671 Hermogeni
1933 2615 2039 2652 an.
2099 2612 2122 2652 1
2179 2597 2272 2664 in;

854 2715 1219 2782 conregnare
1270 2701 1436 2766 alicui
1486 2729 1573 2755 z
1622 2694 1972 2782 συνάρχειν
2017 2703 2162 2762 τινί.

852 2810 1286 2885 Cleopatra
1335 2813 1877 2884 conregnavit
1925 2812 2290 2884 Augusto
2338 2811 2509 2888 Jud.
2563 2812 2620 2870 8.

854 2953 913 3028 9)
964 2955 1204 3009 Addam
1251 2954 1476 3026 aliquot
1524 2950 1722 3031 verba,
1771 2967 1924 3029 quae
1973 2951 2025 3012 in
2070 2950 2509 3031 significatione
2541 2955 2782 3033 graecis
2818 2949 2999 3014 verbis

644 3040 993 3102 insolentius
1043 3040 1439 3121 respondent:

855 3143 1052 3227 pati,⁵)
1116 3151 1280 3222 quod
1336 3151 1495 3206 idem
1561 3158 1651 3205 est
1713 3157 1895 3222 atque
1960 3143 2258 3229 πάσχειν,
2321 3153 2421 3207 ubi
2494 3153 2796 3226 significat
2857 3166 2996 3207 nan-

644 3256 787 3327 cisci
840 3257 927 3311 vel
981 3257 1247 3329 experiri.

851 3381 1074 3418 nemo
1123 3372 1254 3420 aut
1303 3363 1630 3420 fratrem
1692 3372 1825 3420 aut
1871 3373 2178 3437 patrem
2240 3384 2375 3438 pas
2407 3384 2536 3422 sus
2572 3376 2691 3422 est
2761 3362 2992 3422 tradi·
3086 3433 3087 3438 ἵ

642 3477 894 3525 torem
944 3488 1191 3544 scorp.
1245 3487 1318 3542 93
3085 3501 3087 3563 4

862 3679 900 3744 1)
940 3678 1002 3730 cf.
1044 3678 1197 3746 Apul.
1239 3679 1377 3733 Asel.
1419 3681 1488 3732 39
1527 3681 2064 3734 catholicorum
2102 3679 2585 3746 dominantur;

940 3767 1065 3818 Min.
1108 3768 1213 3820 Fel.
1258 3769 1395 3834 12,5
1433 3770 1738 3822 Romani
1778 3769 2012 3822 vestri
2053 3768 2525 3823 dominantur.

859 3857 899 3920 ²)
939 3859 1471 3912 commemorari
1510 3859 1739 3912 utitur
1775 3860 1827 3912 T.
1869 3875 1966 3927 pro
2007 3875 2453 3915 commemorare.
2495 3861 2559 3914 ut
2587 3861 2770 3914 multis
2797 3854 2977 3911 verbis.

858 3947 898 4012 ²⁵)
937 3947 1091 4014 Apul.
1134 3951 1257 4000 met.
1303 3949 1347 4013 1,
1378 3949 1447 4002 24
1486 3949 1628 4002 voti
1667 3948 1952 4018 gaudeo.

854 4035 899 4099 ⁴)
938 4036 1239 4104 Draegerus
1277 4039 1298 4090 1
1335 4038 1440 4091 406
1478 4041 1634 4092 affert
1671 4043 1891 4103 certare,
1932 4038 2140 4104 luctari,
2179 4054 2419 4106 pugnare
2459 4055 2500 4092 c.
2545 4039 2652 4092 dat.
2697 4056 2765 4092 ex
2807 4032 2980 4105 poetis,

855 4126 897 4190 ⁵)
938 4126 1001 4179 ef.
1044 4126 1213 4179 Plaut.
1256 4127 1391 4180 asin.
1434 4129 1481 4194 2,
1524 4128 1571 4194 2,
1614 4127 1699 4193 58,
1743 4127 2016 4181 fortiter
2053 4129 2302 4180 malum
2341 4128 2455 4196 qui
2493 4129 2780 4197 patitur,
2821 4124 2976 4178 idem

934 4220 1088 4282 post
1126 4217 1396 4290 patitur
1434 4218 1704 4270 bonum.
