3157 4938
1580 299 2021 363 -44—

612 485 813 541 culam
870 501 992 539 uno
1053 492 1287 541 tantum
1334 485 1489 551 loc0,
1562 483 1626 540 ni
1691 483 1895 539 omnia
1962 500 2061 538 me
2128 481 2358 550 fallunt,
2421 483 2658 556 scripsit
2723 491 2785 538 et
2847 482 2972 549 hoe,

612 592 780 665 quod
824 591 1211 648 memorabile
1256 597 1365 658 est,
1416 590 1478 646 in
1525 596 1781 645 tractatu
1831 589 1910 645 de
1953 588 2135 663 pallio
2183 607 2236 645 e.
2288 602 2323 661 3
2372 606 2429 662 p.
2481 586 2608 660 926
2645 587 2739 646 O:
2791 588 2977 661 capit

616 706 693 755 et
737 698 893 755 alia
939 697 1282 754 bestiola
1329 695 1850 763 versiculum,
1914 696 2002 751 de
2063 696 2598 752 mediocribus
2647 695 2974 769 oppid0‚

618 806 752 862 sed
799 821 1074 861 nomen
1118 802 1435 877 grande.

831 936 1135 1003 praeter
1181 945 1397 1001 quam
1443 928 1660 983 comici
1706 936 1922 1001 poetae
1967 927 2146 1000 prisci
2185 927 2492 983 interdum
2538 935 2835 1001 usurpant
2880 944 2979 1001 pro

613 1024 827 1109 ‘magis
875 1032 1071 1109 quam’
1106 1035 1197 1090 vel
1227 1025 1380 1108 ‘plus
1426 1024 1616 1108 quam’
1670 1052 1723 1091 e.
1759 1052 1847 1109 gr.
1891 1033 2082 1090 Plaut.
2124 1032 2288 1091 Pers,
2337 1047 2394 1105 3,
2450 1049 2503 1103 1,
2549 1046 2630 1107 37
2683 1030 2980 1090 ‘mulier

620 1143 844 1201 nulla
890 1144 1057 1212 erit,
1123 1143 1305 1216 quin
1368 1142 1475 1198 sit
1534 1143 1761 1210 mala,
1834 1158 2028 1214 quae
2094 1142 2711 1223 praeterqsapiet
2774 1158 2979 1215 quam

622 1252 875 1326 placet
919 1240 1432 1323 parentibus';
1497 1265 1682 1305 mere.
1730 1248 1879 1321 prol.
1931 1248 2016 1321 94
2073 1238 2404 1318 ‘lucrum
2450 1248 2721 1322 ingens
2783 1248 2979 1303 facto

617 1364 935 1433 praeter
1026 1373 1245 1429 quam
1336 1355 1511 1411 mihi
1601 1372 1801 1410 meus
1893 1364 2117 1429 pater
2210 1355 2425 1410 dedit
2515 1355 2978 1411 aestimatas

622 1452 971 1521 merces’.
1065 1460 1264 1532 Quem
1312 1478 1488 1518 usum
1535 1459 1705 1518 Tert.
1755 1462 1980 1534 recepit
2025 1478 2220 1535 scorp.
2253 1462 2330 1521 11
2381 1479 2442 1535 p.
2487 1474 2609 1535 170
2655 1462 2730 1519 R.
2774 1452 2981 1517 ‘haec

622 1573 686 1629 si
734 1588 885 1628 non
931 1571 1046 1626 ita
1091 1570 1615 1642 accipiuntur,
1681 1569 2318 1643 quemadmodum
2375 1569 2977 1641 pronuntiantur,

626 1680 802 1735 sine
848 1677 1074 1733 dubio
1120 1684 1438 1749 praeter
1484 1693 1712 1748 quam
1760 1683 2045 1731 sonant
2093 1664 2449 1749 sapiunt'.

837 1802 1211 1859 Postremum
1262 1809 1393 1859 esto
1415 1819 1429 1857 ε

837 1927 1275 1985 humanitus
1335 1921 1675 2008 tractare‚¹)
1733 1928 1900 2000 quod
1939 1900 2052 1983 *est
2113 1928 2374 2003 benigne
2433 1935 2709 1984 tractare.
2814 1924 2978 1995 Quae

623 2036 853 2093 locutio
902 2036 1065 2109 apud
1111 2032 1466 2091 Terentium
1514 2034 1739 2110 (heaut.
1801 2049 1850 2103 1,
1914 2051 1961 2102 1,
2011 2034 2122 2109 47)
2187 2034 2449 2102 obvenit,
2506 2034 2673 2090 unde
2736 2032 2980 2089 fortasse

624 2144 706 2199 ad
753 2141 919 2198 Tert.
969 2142 1355 2197 redundavit:
1419 2138 1610 2197 Mare.
1661 2138 1745 2195 III
1795 2154 1832 2213 9
1888 2131 2089 2213 ‘quia
2145 2158 2300 2197 non
2353 2148 2686 2214 possent
2731 2141 2982 2195 huma-

626 2251 843 2307 nitus
892 2248 1228 2305 tractari
1275 2248 1366 2304 ab
1413 2238 1889 2304 hominibus’.

850 2372 907 2430 ὁ.
1001 2373 1372 2447 Praepositio
1435 2365 1728 2455 absque2)
1787 2380 1929 2447 post
1987 2371 2267 2429 Plautum
2323 2381 2384 2429 et
2448 2371 2820 2440 Terentium,
2890 2369 2981 2444 qui

633 2483 746 2540 hac
795 2482 1010 2538 vocula
1056 2483 1293 2555 saepius
1342 2482 1435 2537 usi
1483 2489 1642 2550 sunt,
1707 2481 1949 2537 evanuit
2007 2481 2128 2536 fere
2172 2481 2235 2538 in
2281 2481 2486 2537 litteris
2533 2479 2784 2550 LatiniS,
2844 2480 2981 2536 dum

632 2590 929 2646 reviviscit
988 2589 1149 2662 apud
1209 2587 1418 2644 Afros:
1496 2587 1759 2645 Salvium
1819 2586 2141 2665 Julianum,
2199 2587 2589 2656 Frontonem,
2654 2586 2978 2661 Apuleium,

630 2685 983 2766 Minucium,
1036 2693 1313 2766 Gellium,
1363 2713 1489 2752 non
1534 2696 1699 2769 apud
1746 2692 2114 2770 Cyprianum
2159 2702 2220 2750 et
2265 2695 2618 2780 Arnobium,
2679 2711 2874 2767 neque
2925 2693 2981 2748 in

630 2803 1117 2877 inscriptionibus
1164 2803 1461 2859 Africanis
1510 2811 1662 2858 teste
1709 2801 2014 2858 Kueblero
2079 2795 2326 2883 (Archiv
2375 2800 2520 2856 VIII
2577 2817 2597 2856 1
2619 2800 2745 2877 79).
2840 2799 2980 2856 Ter·

634 2910 917 2967 tullianus
966 2910 1201 2983 saepius
1250 2907 1407 2964 hanc
1452 2908 1960 2982 praepositionem
2009 2909 2280 2965 admisit:

847 3015 1018 3072 Prax.
1069 3032 1108 3089 4
1157 3016 1457 3088 absque
1504 3033 1620 3085 e0,
1671 3017 1795 3088 qui
1844 3015 1908 3072 ei
1957 3015 2305 3072 subiecit
2353 3015 2648 3084 omnia;

848 3121 1037 3182 Mare.
1086 3121 1142 3176 II
1194 3120 1274 3178 26
1322 3121 1554 3179 alium
1603 3122 1878 3196 absque
1924 3140 2004 3179 se
2050 3123 2373 3179 omnino
2419 3139 2578 3179 non
2625 3139 2812 3189 esse;

852 3227 1037 3285 Mare.
1088 3227 1173 3284 III
1232 3244 1307 3285 10
1355 3229 1652 3302 absque
1698 3229 2114 3297 mendacio;

635 3388 837 3396 —

851 3513 890 3576 1“)
930 3510 993 3564 cf.
1034 3511 1199 3564 etiam
1236 3512 1398 3564 Marc.
1428 3510 1471 3564 V
1507 3510 1544 3562 4
1589 3510 1675 3564 in:
1723 3510 2010 3578 'Atquin
2063 3526 2198 3562 non
2236 3513 2342 3563 est
2396 3510 2526 3563 hoc
2580 3507 2976 3564 humanitus

930 3597 1237 3654 dictum’.
1360 3599 1503 3652 Alibi
1577 3603 1741 3668 atque
1819 3600 2140 3668 plerumque
2230 3598 2548 3652 humanitus
2623 3602 2802 3652 exstat
2889 3609 2974 3664 pro

920 3685 1150 3743 ‘more
1248 3686 1575 3743 humano'
1681 3690 1767 3743 vel
1853 3682 2264 3742 ‘secundum
2356 3689 2729 3742 humanam
2825 3701 2973 3740 con-

930 3778 1310 3844 ditionem‘3
1350 3779 1429 3832 sic
1464 3779 1580 3832 iam
1618 3778 1768 3847 apud
1803 3778 2040 3832 Ennium
2079 3793 2204 3830 ann.
2246 3777 2305 3830 fr.
2347 3777 2416 3830 83
2453 3778 2755 3844 (Baehrens
2791 3794 2840 3845 p.
2881 3773 2974 3830 72.)

852 3888 893 3953 2)
926 3887 1163 3954 Draeger
1209 3886 1229 3938 I
1278 3882 1397 3940 638.
1486 3885 1643 3939 Kalb.
1699 3885 1731 3937 1.
1791 3901 1836 3938 c.
1888 3883 1975 3936 58.
2065 3882 2253 3936 Cicero
2317 3899 2428 3936 uno
2490 3883 2614 3936 loco
2670 3880 2682 3895 ‘
2709 3876 2972 3948 absque’

930 3975 1152 4030 admisit
1190 3974 1313 4042 (Att.
1356 3975 1403 4040 1,
1446 3974 1529 4040 19,
1571 3975 1650 4040 1>;
1690 3973 1861 4027 semel
1902 3972 2069 4026 etiam
2109 3971 2291 4039 Quint.
2335 3971 2405 4040 (7,
2443 3971 2493 4038 2,
2533 3971 2654 4038 44);
2693 3987 2764 4024 ex
2785 3960 2973 4023 ‘Italae'

928 4064 1243 4133 fragmentis
1279 4065 1531 4134 exempla
1569 4063 1841 4131 congessit
1877 4061 2149 4116 Roensch.
2189 4079 2240 4130 p.
2282 4061 2403 4114 389.

929 4154 1069 4208 Vide
1105 4153 1389 4224 praeterea
1438 4169 1582 4222 quae
1619 4153 2002 4221 Brugmannus
2041 4151 2110 4205 de
2157 4151 2264 4204 hac
2312 4149 2722 4219 praepositione
2775 4148 2873 4217 egit
2920 4145 2971 4198 in

840 4287 843 4290 .
932 4244 1067 4296 Mus,
1107 4242 1281 4296 Rhen.
1321 4241 1407 4308 32,
1447 4241 1571 4296 485.
