3157 4938
1562 293 1989 359 —10-

602 490 798 539 tarum
872 480 1204 537 imitatione
1273 480 1761 535 commendatam
1829 494 1964 535 esse
2029 495 2168 535 cum
2232 476 2566 535 Schmalzio
2652 479 3022 535 consentio

606 586 976 668 (Handbuch
1020 586 1078 643 ΙΙ
1123 580 1163 659 ξ
1210 584 1341 665 89.)

815 694 1094 769 qui-se
1139 710 1335 767 rogo
1381 693 1714 750 immisit
1759 700 1984 751 mart.
2033 709 2107 765 43

813 819 969 859 non
1014 798 1509 874 imaginibus
1556 800 1911 856 incurris
1956 808 2154 857 mart.
2209 812 2273 868 23

810 908 1042 976 idem,
1091 907 1399 980 quinos
1447 907 1735 962 mundo
1782 905 2046 963 infert.
2095 906 2186 963 ad
2231 923 2321 963 ux
2366 903 2395 961 Ι
2431 918 2500 988 73·

814 1015 1096 1072 clavus
1142 1013 1471 1070 intimat
1516 1012 1823 1070 tabulis
1873 1013 2058 1069 cult.
2111 1012 2149 1070 f.
2198 1012 2226 1067 I
2261 1026 2325 1086 5;

814 1138 901 1177 ne
946 1120 1285 1178 delictis
1332 1118 1808 1177 incidamus
1855 1138 1998 1178 cor.
2043 1137 2122 1177 m.
2176 1120 2287 1189 11;

816 1223 1259 1305 (serpentes)
1309 1241 1502 1299 quas
1552 1223 1994 1301 Cleopatra
2051 1225 2581 1285 immisit.sibi
2626 1234 2882 1283 mart.
2934 1244 3009 1299 4;

812 1352 1026 1391 nemo
1090 1332 1610 1391 Christianus
1672 1340 1856 1391 ante
1921 1331 2322 1390 Christum
2393 1333 2601 1390 caelo
2698 1350 3007 1389 resum-

598 1449 812 1515 ptum
860 1441 1035 1516 pud.
1091 1440 1169 1497 11
1226 1457 1329 1496 ex.

814 1564 876 1645 6)
926 1562 1128 1641 verba,
1176 1578 1330 1643 quae
1378 1558 1733 1624 insolentius
1781 1578 1918 1624 oum
1967 1560 2312 1624 accusativo
2360 1561 2590 1623 otu-uota
2639 1564 2838 1624 sunt:

812 1667 998 1735 latore
1090 1667 1347 1749 aliquem
1442 1667 1551 1747 (=
1621 1661 1996 1728 λανθάνειν
2080 1668 2268 1749 τινά).
2367 1670 2652 1727 dixerunt
2769 1669 3004 1737 Varro,

597 1771 813 1853 poetae
859 1796 1079 1844 aureae
1124 1778 1358 1846 aetatiS,
1409 1778 1727 1851 scriptores
1774 1776 2164 1850 posteriores;
2215 1775 2293 1833 T.
2344 1784 2404 1833 et
2450 1777 2893 1834 accusativum
2940 1783 3000 1832 et

600 1884 867 1942 dativum
878 1878 923 1963 l)
973 1884 1239 1941 admisit:

812 1992 873 2049 si
921 2008 1109 2066 quos
1156 1992 1342 2048 latet
1388 1991 1569 2048 idol.
1631 2004 1736 2064 153

810 2116 955 2156 nec
1005 2106 1077 2154 te
1125 2098 1329 2155 latet
1375 2104 1561 2154 test.
1611 2115 1718 2154 an.
1775 2111 1838 2165 23

803 2205 1064 2263 latuid
1140 2204 1416 2279 aliquid
1489 2203 1807 2261 Petrum
1885 2235 1970 2245 —-
2047 2203 2289 2262 latuit
2373 2212 2443 2262 et
2525 2204 2987 2283 Johannem

595 2313 880 2387 aliquid
924 2329 1237 2387 praescr.
1292 2326 1408 2380 223

806 2415 1078 2482 adiurare
1140 2418 1216 2476 T.
1278 2418 1503 2494 primus
1569 2416 1876 2474 transitive
1935 2418 2318 2494 usurpavisse
2373 2419 2608 2477 videtur
2683 2437 2766 2478 ex
2835 2435 2980 2476 ana·
3093 2483 3095 2494 Ι

594 2528 753 2603 logia
798 2528 961 2584 verbi
1008 2521 1372 2607 ἐξορκίζειν.

808 2634 1235 2692 daemonas
1285 2631 1671 2689 adiurare
1716 2631 1914 2706 apol.
1969 2646 2080 2704 32;

806 2744 897 2799 ab
944 2741 1101 2800 alio
1148 2739 1540 2797 adiuratus
1588 2740 1774 2796 idol.
1829 2754 1944 2809 213

806 2844 1165 2910 benedicere
1188 2839 1235 2924 ²)
1287 2855 1349 2903 et
1398 2842 1765 2908 maledicere
1811 2841 2067 2923 aliquem
2114 2845 2280 2904 haud
2320 2847 2504 2905 dubie
2532 2847 2718 2905 verba
2749 2863 2972 2923 graeca

591 2937 662 3014 εὖ
702 2964 762 3013 et
806 2951 1021 3024 κακῶς
1065 2948 1271 3029 λέγειν
1317 2960 1530 3010 secuta
1578 2960 1747 3009 sunt:
2855 2929 2862 2936 ⁵

801 3061 1290 3135 baptismum
1336 3059 1697 3122 videmus
1746 3060 2128 3116 benedici
2173 3060 2338 3134 bapt.
2389 3074 2458 3134 93

807 3167 1184 3224 dicentes
1234 3164 1632 3223 Christum
1696 3167 2170 3224 crucifixum
2227 3185 2387 3224 non
2446 3168 2962 3227 maledicimus

588 3276 820 3334 illum
869 3270 1131 3351 (saepius
1178 3272 1299 3329 hoc
1346 3290 1527 3330 sensu
1575 3273 1993 3348 blasphemare
2037 3270 2326 3352 poniturl)
2377 3272 2590 3332 Prax.
2645 3290 2726 3349 29
2741 3293 2757 3346 ;

803 3399 935 3438 nec
967 3380 1341 3437 maledixit
1371 3381 1605 3456 ipsum
1635 3381 1862 3438 Adam
1903 3389 1971 3438 et
2001 3380 2218 3438 Evam
2249 3376 2482 3463 (deus)
2514 3381 2731 3441 Marc.
2761 3381 2820 3438 II
2849 3393 2956 3452 25;

806 3484 1089 3565 (genus
1161 3485 1474 3566 mortis)
1556 3489 1767 3561 quod
1848 3489 2022 3565 ipse
2090 3488 2626 3546 maledixerat
2692 3483 2954 3567 (deus)

585 3595 818 3654 Marc.
866 3595 952 3650 III
1000 3592 1103 3663 183

800 3770 841 3836 ²)
890 3767 1137 3821 dativum
1185 3767 1443 3837 legimus:
1505 3784 1586 3822 ne
1647 3768 1757 3822 cui
1812 3769 2026 3823 lateat
2085 3768 2276 3823 Marc.
2329 3767 2434 3835 11;
2481 3767 2840 3839 prophetis
2887 3764 2948 3816 et

585 3856 924 3929 apostolis
959 3873 1174 3927 usque
1225 3857 1456 3912 adhuc
1500 3857 1728 3925 latuit,
1777 3863 1939 3928 puto
1990 3862 2051 3912 et
2097 3855 2368 3913 Christo
2415 3858 2712 3928 Hermog.
2761 3857 2797 3910 8
2834 3867 2947 3916 ex;

799 3946 910 4001 eui
946 3946 1210 4001 latebat
1245 3963 1379 4001 car.
1419 3945 1559 4002 Chr.
1601 3945 1686 4000 11.

798 4036 841 4104 ²)
879 4035 943 4090 cf.
983 4036 1139 4106 Apul.
1179 4036 1390 4106 Asclep.
1430 4035 1503 4090 40
1538 4035 2043 4092 benedicentes
2085 4021 2306 4103 deu'm;

795 4126 944 4180 Lact.
986 4125 1109 4180 inst.
1152 4127 1199 4192 7,
1242 4126 1325 4192 14,
1364 4126 1435 4180 41
1475 4142 1623 4181 eum
1658 4124 2030 4181 benedixit.

800 4213 1191 4298 2:22‘K9ff131qne
1229 4211 1260 4288 ξ.
1302 4231 1346 4269 c.
1386 4232 1441 4284 p.
1484 4215 1607 4269 117.
