3157 4938
1098 291 1603 387 '--11-

381 506 633 580 gladii
679 523 926 581 opera
973 507 1394 565 maledixit
1437 516 1582 582 pat.
1634 522 1707 580 33

378 613 892 672 benedictus
961 613 1184 683 deuS,
1249 615 1384 688 qui
1444 623 1515 672 et
1571 615 1958 672 universa
2019 614 2446 672 benedixit
2490 623 2567 672 et

148 720 240 776 ab
289 719 687 778 universis
733 720 1209 778 benedicitur
1254 720 1483 780 Marc.
1533 721 1594 777 V
1631 722 1735 778 11.

383 821 662 886 euadere
721 823 978 905 aliquem
1011 819 1057 906 l)
1139 829 1250 886 soli
1318 827 1447 886 Afri
1514 829 1833 886 admisisse
1908 828 2204 897 videntur,
2282 829 2557 902 perducti

153 931 458 1007 analogia
508 933 712 1008 graeci
757 935 922 991 verbi
967 927 1235 992 πείθειν
1277 927 1448 993 τινά.

383 1057 768 1098 sermone
811 1058 925 1098 me
972 1040 1308 1098 suasisti
1357 1031 1552 1118 (λόγῳ
1596 1032 1958 1121 μ’ἕπεισας)
2007 1061 2048 1118 p
2070 1044 2192 1100 all.
2245 1040 2284 1099 6
2332 1044 2439 1112 in;

384 1153 468 1203 tu
524 1164 636 1216 eS‚
685 1162 888 1220 quae
932 1165 1103 1205 eum
1151 1147 1489 1205 suasisti
1538 1147 1726 1204 cult.
1778 1147 1818 1204 f.
1866 1146 1897 1204 1
1936 1163 2002 1219 1;

383 1253 710 1310 duritia
752 1255 1153 1312 vincenda
1199 1262 1348 1323 est,
1397 1271 1552 1311 non
1601 1254 2016 1312 suadenda
2063 1273 2301 1331 scorp.
2357 1270 2388 1312 2
2414 1273 2428 1326 ;

323 1422 334 1428 ,
381 1347 631 1418 Pariter
704 1361 1106 1437 compositum
1173 1351 1598 1440 persuadere&
1666 1378 1807 1418 cum
1859 1362 2202 1419 accusativo
2258 1380 2560 1438 personae

156 1467 478 1543 iungitur:

383 1592 580 1650 spes
627 1571 1255 1634 resurrectionis
1316 1608 1402 1617 —
1457 1579 1852 1635 neminem
1913 1577 2008 1633 ad
2070 1577 2553 1651 religionem

159 1683 733 1756 persuaderet
777 1700 921 1740 res·
970 1701 1119 1742 car.
1177 1698 1278 1740 21.

384 1799 623 1851 nocere
699 1786 956 1868 aliquem
1035 1789 1328 1863 sequioris
1403 1791 1617 1847 aetatis
1704 1791 2063 1866 scriptorum
2137 1799 2248 1859 est,
2334 1791 2555 1865 quibus

161 1912 462 1968 graecum
511 1885 841 1968 βλάπτειν
882 1886 1034 1952 τινά
1076 1895 1504 1954 obversabatur
1552 1892 1650 1973 (cf.
1698 1897 1951 1954 Kiihner
1995 1895 2053 1953 H
2089 1890 2217 1978 76).

379 2021 485 2078 pu
509 2009 588 2059 to
637 2002 869 2059 nobis
915 2020 1074 2060 non
1117 2003 1368 2078 magis
1417 2004 1672 2061 licere
1732 2010 2200 2061 nascentem
2256 2021 2555 2061 nocere

162 2125 394 2182 quam
460 2117 544 2166 et
595 2117 864 2166 natum
910 2111 1071 2167 exh.
1122 2118 1314 2168 cast.
1375 2126 1398 2167 1
1417 2125 1473 2181 2,
1535 2112 1640 2169 ubi
1696 2111 1848 2170 haec
1896 2110 2127 2168 codicis
2175 2109 2550 2185 Agobardini

164 2216 346 2274 lectio
412 2223 635 2274 contra
695 2216 958 2290 reliquos
1021 2218 1266 2274 codices
1325 2223 1627 2287 ‚‚necare“
1689 2219 2045 2295 praebentes
2094 2219 2389 2276 servanda
2434 2227 2545 2276 est,

163 2319 458 2386 confundi
534 2341 589 2380 c.
658 2315 1208 2401 accusativ03)
1264 2346 1354 2376 =
1425 2313 1917 2402 ἐπαισχύνεθαί
1969 2339 2034 2381 τι
2092 2325 2553 2383 confundor

172 2417 325 2490 con
349 2431 809 2491 sessionem
856 2431 1000 2507 fuga
1050 2444 1107 2505 7.

383 2535 592 2601 furare
638 2538 700 2600 et
746 2535 1023 2601 deierare
1068 2536 1324 2618 aliquem
1372 2539 1620 2596 verbum
1664 2528 1944 2616 ὀμνύναι
1986 2531 2139 2597 τινά
2178 2548 2512 2613 sequuntur
2534 2558 2548 2598 τ

379 2648 623 2721 signa
668 2646 884 2704 iurat
929 2646 1139 2719 apol.
1197 2643 1308 2714 16;

377 2754 514 2827 qui
563 2784 648 2794 —
696 2769 790 2826 qu
814 2770 1085 2809 ereum
1149 2760 1223 2809 et
1283 2752 1592 2809 hircum
1654 2758 1732 2807 et
1793 2767 2064 2807 canem
2123 2752 2553 2812 deierabat

167 2874 202 2913 a
219 2875 260 2932 p
279 2859 374 2916 ol.
439 2875 462 2916 1
479 2859 522 2917 4
540 2876 554 2928 ;

377 2961 838 3028 'communicare
883 2962 1160 3044 aliquem,
1221 2966 1388 3039 quod
1455 2966 1619 3023 idem
1682 2972 1775 3023 est
1834 2984 1907 3024 ac
1953 2982 2240 3041 graecum
2287 2964 2557 3025 κοινοῦν

167 3084 320 3126 τινα
368 3071 451 3130 Τ.
504 3091 577 3129 ex
629 3072 856 3143 „Itala“
905 3073 1150 3132 videtur
1195 3079 1500 3130 mutuatus
1549 3090 1717 3130 esse:

333 3238 338 3242 .
386 3195 594 3254 quae
624 3199 759 3238 ore
787 3181 1110 3255 prolata
1141 3180 1740 3268 communicant
1769 3180 2163 3238 hominem
2191 3188 2420 3256 spect.
2451 3192 2551 3253 173

391 3460 434 3526 ¹)
473 3458 537 3515 cf.
576 3459 731 3529 Apul.
772 3463 897 3513 met.
937 3458 1061 3527 9,25
1098 3475 1382 3515 uxorem
1419 3460 1571 3515 eius
1622 3459 1848 3514 tacite
1898 3458 2090 3514 suasi
2147 3474 2222 3514 ac
2260 3458 2553 3529 denique

476 3564 816 3618 persuasr

393 3636 436 3704 ⁹)
472 3638 580 3691 hoc
615 3638 729 3692 iam
767 3638 982 3707 scripsit
1017 3638 1227 3693 Ennius
1277 3655 1363 3708 ap.
1405 3639 1553 3693 Serv.
1598 3638 1684 3692 ad.
1726 3638 1875 3707 Verg.
1904 3637 2036 3691 Aen.
2080 3637 2239 3704 10,1o
2284 3638 2441 3707 quis
2488 3643 2550 3694 te

472 3727 866 3796 persuasit?
939 3728 1208 3795 (Bahrens
1245 3728 1304 3782 fr.
1343 3733 1488 3798 poet.
1530 3745 1581 3797 p.
1623 3726 1772 3794 132.)

476 3815 819 3872 Constructio
858 3817 1166 3886 personalis
1205 3818 1433 3887 passiva
1479 3834 1514 3871 a
1550 3817 1804 3887 pluribus
1842 3815 2091 3871 admissa
2129 3820 2242 3882 est3
2294 3817 2357 3870 cf.
2415 3833 2550 3871 non

479 3906 772 3976 exigetis
807 3906 1219 3976 persuaderi
1257 3908 1453 3963 Marc.
1493 3907 1653 3973 11273

475 3993 731 4063 Sophia
780 3994 974 4049 tarde
1021 4012 1364 4065 persuasa
1427 3996 1564 4051 Val.
1613 3996 1648 4049 9
1704 4013 1805 4062 ex3
1861 3995 2319 4066 persuaderer
2377 3994 2550 4050 divi·

479 4083 666 4138 nitus
703 4083 956 4139 factum
1001 4085 1224 4154 (esse)
1273 4101 1369 4140 an.
1420 4084 1518 4153 443
1575 4086 1703 4140 illa
1759 4101 1795 4139 a
1842 4086 2090 4155 quibus
2140 4084 2349 4138 etiam
2397 4084 2552 4139 sine

478 4171 746 4227 divinis
783 4173 1072 4229 vocibus
1109 4176 1566 4245 persuadetur
1603 4192 1723 4231 res,
1764 4192 1892 4231 car.
1939 4174 2020 4228 18.

400 4258 441 4325 8)
479 4262 790 4330 genetivum
826 4264 1001 4319 habes
1039 4280 1146 4319 car.
1189 4264 1310 4319 Chr.
1350 4266 1401 4333 5,
1442 4282 1622 4335 scorp.
1662 4268 1711 4322 9.
