3157 4938
1551 277 1995 341 -34—

593 464 890 528 omnia,
961 456 1026 512 si
1087 456 1390 513 demum
1451 461 1885 536 intellegis
1946 464 2149 520 alibi
2210 469 2681 540 stipantem,
2754 474 2951 531 alibi

591 572 1139 630 deserentem,
1186 579 1527 624 runcare
1571 578 1814 642 atque
1860 588 2195 644 ruspare
2241 570 2631 632 instituit'
2704 587 2767 634 et
2812 581 2947 637 vide

589 697 746 753 quae
791 678 1084 736 Oehlerus
1131 679 1212 734 ad
1260 678 1424 735 hunc
1469 679 1671 734 locum
1714 678 1989 733 adnotat.
2003 671 2049 748 Ι)

803 803 864 858 4.
915 786 1273 842 Adiciantur
1317 803 1483 840 nunc
1527 779 1898 844 substantiva
1944 794 2005 840 et
2049 781 2363 852 adiecflvm
2418 805 2575 861 quae
2630 809 2703 846 ex
2750 794 2945 864 prisca

585 895 878 949 latinitate
923 894 1200 948 videntur
1245 899 1484 964 sumpta
1528 907 1683 945 esse.

799 999 856 1076 a)
906 1001 1294 1056 substantiva.

797 1106 926 1162 bul
943 1124 1038 1180 ga
1085 1103 1196 1181 (vel
1243 1101 1462 1178 vulga),
1517 1123 1635 1160 vox
1692 1103 1910 1177 gallim
1960 1105 2139 1177 (teste
2190 1106 2424 1184 Festo);
2472 1111 2683 1182 priscis
2736 1113 2937 1186 impri-

579 1215 816 1287 misque
891 1215 1199 1269 satirarum
1279 1211 1665 1284 scriptoribus
1742 1212 1804 1265 in
1878 1211 2109 1268 deliciis
2194 1212 2377 1270 fuisse
2468 1215 2758 1272 credibile
2846 1227 2937 1275 est

575 1317 680 1396 (ct.
725 1319 916 1375 Lucil.
983 1319 1051 1376 fr.
1098 1333 1230 1392 450
1295 1316 1617 1394 (Baehrens
1663 1337 1719 1388 p.
1772 1317 1923 1392 204)
1986 1326 2047 1372 et
2092 1316 2264 1375 Varr.
2323 1331 2433 1377 sat.
2482 1321 2647 1378 Men.
2696 1322 2805 1392 61,
2857 1324 2939 1401 3).

782 1427 966 1500 Apud
996 1424 1164 1482 Tert.
1209 1426 1498 1498 reperitur
1539 1425 1605 1480 in
1650 1424 1789 1479 loco
1834 1425 2177 1481 salebroso:
2226 1435 2349 1482 nat.
2396 1427 2424 1482 I
2466 1443 2544 1483 10
2592 1426 2669 1504 (p.
2701 1429 2785 1503 78
2804 1430 2936 1510 R.):

569 1533 862 1589 omitto
893 1550 1094 1605 quae
1126 1533 1424 1604 bulgae
1455 1539 1591 1586 aut
1620 1531 2081 1604 sacrilegae
2108 1533 2345 1605 gulae
2376 1536 2938 1595 videbuntur*-

787 1641 1104 1696 cantrix
1151 1649 1214 1695 et
1259 1638 1504 1696 Plautus
1566 1638 1727 1713 (trin.
1780 1651 1837 1706 2,
1894 1653 1947 1704 1,
2000 1638 2107 1711 23)
2168 1648 2230 1694 et
2288 1638 2483 1697 Varro
2547 1642 2617 1718 (r.
2662 1661 2713 1700 r.
2768 1661 2825 1717 3,
2878 1661 2935 1720 5,

580 1763 656 1820 14
703 1765 886 1804 aves
933 1745 1394 1819 cantrices)
1439 1745 1881 1812 adhibuerunt;
1942 1746 2099 1800 redit
2160 1745 2313 1803 haec
2372 1766 2489 1805 vox
2548 1753 2718 1824 apud
2766 1751 2930 1810 Tert.

565 1853 753 1911 Marc.
803 1853 888 1909 ΙΙΙ
937 1869 971 1928 5
1041 1873 1196 1910 non
1257 1855 1540 1926 utique
1600 1853 1691 1909 ab
1754 1851 2277 1909 hirundinum
2335 1856 2583 1928 pullis
2631 1866 2710 1913 et
2756 1861 2931 1916 vul-

561 1962 886 2034 peculis
960 1971 1036 2018 et
1101 1963 1278 2018 illis
1347 1961 1895 2018 monstruosis
1968 1960 2543 2036 fabulosisque
2612 1969 2927 2024 cantri-

567 2070 800 2124 cibus
849 2069 1123 2125 fausta
1169 2070 1433 2124 omnia
1480 2068 1895 2124 relaturus
1942 2076 2085 2122 est.

781 2177 1070 2250 capulu
1091 2195 1118 2232 s
1181 2177 1298 2251 (vel
1362 2169 1691 2254 capulum),
1770 2193 1927 2248 quae
1992 2191 2109 2230 vox
2178 2193 2317 2231 cum
2376 2179 2542 2250 apud
2602 2181 2925 2254 scriptores

557 2301 783 2339 aureae
828 2285 1039 2339 aetatis
1087 2283 1166 2338 de
1209 2282 1525 2338 manubrio
1573 2284 1735 2339 ensis
1781 2282 2036 2347 dicatur,
2082 2283 2147 2336 in
2190 2283 2389 2356 prisea
2434 2288 2495 2338 et
2538 2285 2602 2340 in
2648 2289 2926 2360 sequiore

483 2447 490 2454 ,
561 2390 854 2446 latinitate
899 2391 1196 2463 significat
1240 2407 1462 2456 arcam,
1508 2391 1572 2444 in
1619 2405 1738 2462 qua
1781 2388 2203 2444 defunctorum
2250 2391 2547 2446 cadavera
2576 2392 2920 2451 efferuntur.

557 2498 638 2554 cf.
685 2497 876 2556 Plaut.
921 2499 1069 2555 asin.
1121 2512 1178 2569 5,
1227 2514 1287 2569 4,
1337 2512 1442 2568 43,
1500 2496 1692 2553 Lucil.
1757 2496 1826 2551 fr.
1888 2511 1967 2568 52
2034 2490 2363 2574 (Baehrens
2423 2516 2482 2571 p.
2542 2494 2690 2580 147)
2740 2500 2914 2558 Varr.

553 2623 656 2680 ap.
706 2604 864 2661 Non.
913 2622 973 2677 4.
1027 2620 1061 2677 5
1112 2604 1286 2677 Apul.
1333 2612 1473 2660 met.
1523 2601 1583 2671 8,
1642 2618 1716 2675 13
1766 2604 1869 2660 ubi
1916 2605 2050 2659 vide
2094 2602 2595 2664 Hildebrandum.

773 2712 939 2768 Tert.
987 2730 1101 2769 reS.
1150 2729 1270 2767 car.
1325 2725 1402 2782 32
1473 2712 1743 2767 triduo
1808 2711 2447 2783 concoquendae
2509 2716 2737 2770 carni
2804 2718 2917 2771 vi-

547 2838 789 2876 scera
857 2822 1018 2875 ceti
1077 2818 1629 2875 suffecissent
1705 2820 1815 2891 (sc.
1894 2820 2111 2891 magis)
2204 2835 2427 2890 quam
2504 2821 2911 2893 capulum;

545 2927 632 2983 ib.
707 2924 788 2998 38
860 2929 922 2983 in
999 2920 1144 3005 (dei)
1224 2926 1316 2980 de
1395 2924 1746 2998 capulis,
1823 2926 1918 2980 de
1994 2924 2459 2998 sepulchris
2535 2938 2909 2985 mortuos

545 3035 1165 3090 resuscitantis,

757 3141 1336 3197 conservitium
1383 3140 1596 3212 legitur
1642 3148 1704 3195 et
1748 3141 1912 3213 apud
1958 3138 2149 3195 Plaut.
2196 3150 2257 3195 et
2279 3138 2441 3198 Tert.
2476 3141 2617 3197 cult.
2667 3140 2710 3197 f.
2764 3142 2821 3197 II
2871 3146 2902 3201 1

538 3248 626 3315 in,
676 3250 778 3320 qui
839 3266 978 3305 cum
1025 3266 1260 3305 servum
1306 3247 1406 3303 dei
1463 3265 1632 3304 more
1680 3247 2021 3304 Christiano
2069 3264 2135 3303 se
2180 3247 2455 3321 appellet,
2518 3248 2667 3305 haec
2714 3250 2899 3307 dicit:

539 3348 1268 3427 ‘postremissimus
1361 3356 1735 3427 equidem
1826 3372 1912 3411 eo
2002 3357 2175 3411 iure
2264 3357 2754 3412 conservitii
2832 3365 2905 3413 et

537 3461 1100 3519 fraternitatis
1149 3464 1408 3520 audeo
1455 3462 1558 3518 ad
1604 3479 1740 3519 vos
1791 3462 2061 3518 facere
2108 3479 2569 3518 sermonem.

748 3570 1389 3644 Crepitacillum,
1453 3570 1620 3642 quod
1667 3570 1872 3643 apud
1922 3569 2087 3626 Tert.
2136 3570 2225 3626 bis
2274 3570 2592 3638 invenitur,
2641 3572 2899 3645 primum

753 3780 790 3847 1’)
829 3778 1246 3833 Memorandum
1295 3783 1377 3833 est
1413 3778 1803 3832 Tertullianum
1849 3779 1938 3831 hic
1984 3778 2165 3832 activa
2213 3777 2391 3830 forma
2445 3778 2523 3830 uti
2573 3795 2671 3847 pro
2724 3780 2891 3848 depo·

829 3870 1057 3923 nentiali
1096 3870 1173 3934 (ni
1211 3870 1384 3929 fallor.
1425 3873 1646 3937 propter
1682 3869 2000 3930 analogiam
2034 3866 2189 3920 verbi
2219 3865 2232 3879 ‘
2252 3867 2603 3931 runcare')
2652 3868 2709 3921 id
2746 3868 2893 3937 quod

823 3959 1094 4013 interdum
1143 3959 1250 4013 sibi
1295 3959 1580 4027 permittit;
1646 3957 1709 4011 cf.
1748 3975 1795 4010 e.
1834 3975 1910 4021 gr.
1950 3961 2060 4010 nat.
2100 3958 2143 4009 11
2185 3956 2250 4008 13
2299 3957 2496 4011 aliud
2558 3957 2722 4025 quid
2785 3974 2891 4011 su-

822 4050 1088 4118 spicare
1125 4066 1254 4101 non
1295 4048 1520 4113 datur;
1561 4046 1791 4100 verbum
1828 4062 2276 4099 remunerare
2312 4046 2682 4114 pleriqueAfri
2712 4048 2889 4100 forma

810 4139 1005 4192 activa
1041 4137 1410 4191 adhibuerunt
1446 4138 1526 4195 (ef.
1567 4137 1821 4206 Leipold:
1874 4137 2048 4190 Ueber
2094 4135 2183 4189 die
2218 4136 2459 4205 Sprache
2506 4136 2604 4190 des
2650 4137 2886 4190 Juristen

809 4228 971 4281 Aem.
1011 4227 1349 4294 Papinianus
1387 4244 1439 4295 p.
1479 4226 1550 4279 34
1589 4231 1639 4279 et
1678 4243 1821 4295 quae
1859 4228 2013 4279 affert
2048 4225 2341 4279 Blockhuis
2378 4226 2411 4278 l.
2452 4242 2496 4279 c.
2538 4243 2589 4294 p.
2630 4226 2742 4289 61.)
