3157 4938
1533 263 1975 326 „26ss

568 458 801 505 tantum
836 467 972 504 eum
1007 449 1230 516 citavit;
1285 448 1359 503 cf.
1399 467 1492 504 an.
1535 463 1642 518 24:
1694 446 2109 523 (memoria)
2159 466 2365 521 quam
2414 459 2481 505 et
2528 451 2679 524 ipse
2726 448 2938 504 Plato

568 572 905 611 sensuum
954 598 965 610 .
1021 599 1032 610 .
1087 598 1098 610 .
1153 598 1165 610 .
1217 564 1284 610 et
1354 557 1860 611 intellectuum
1942 557 2249 612 salutem
2312 566 2381 612 et
2442 555 2702 613 Cicero
2772 557 2931 612 the-

569 681 852 719 saurum
931 663 1248 717 omnium
1327 664 1741 719 studiorum
1833 665 2283 737 praedicavit
2392 661 2499 737 (or.
2576 663 2601 718 I
2668 678 2722 736 5,
2798 659 2929 742 18);

568 771 752 843 apol.
829 785 909 842 50
987 770 1186 824 multi
1259 772 1467 842 apud
1537 788 1671 825 vos
1745 772 1840 826 ad
1902 766 2420 826 tolerantiam
2500 771 2805 827 doloris
2866 779 2933 824 et

566 879 818 933 mortis
865 877 1288 944 hortantur,
1339 885 1418 932 ut
1467 875 1749 933 Cicero
1798 879 1865 933 in
1914 877 2381 934 Tusculanis,

782 996 1099 1059 Sallustius
1145 1010 1507 1056 memoratur
1558 1020 1637 1057 an
1676 1017 1783 1058 20:
1831 992 2280 1058 ‘Sallustius
2330 1019 2579 1058 vanos
2613 1001 2932 1057 Mauros

569 1117 643 1163 et
721 1108 1037 1164 feroces
1115 1107 1532 1164 Dalmatas
1610 1099 1927 1182 pulsat’,
2008 1110 2087 1164 ad
2158 1127 2334 1182 quem
2410 1110 2607 1164 locum
2680 1109 2929 1163 Reiffer-

569 1215 870 1271 scheidius
921 1215 1149 1271 attulit:
1199 1215 1335 1271 hist.
1387 1215 1412 1270 I
1463 1215 1527 1270 fr.
1583 1214 1662 1287 63
1716 1223 1775 1270 et
1824 1215 1888 1270 fr.
1942 1217 2057 1271 inc.
2114 1229 2191 1288 73
2246 1215 2515 1271 Dietsch.

779 1336 1046 1400 Senecae
1093 1340 1432 1414 philosophi
1477 1342 1702 1413 passim
1733 1341 1959 1396 mentio
2002 1341 2082 1408 fit,
2134 1343 2352 1414 quippe
2387 1343 2553 1396 cuius
2590 1341 2920 1396 sententiae

565 1451 790 1506 multae
845 1449 1178 1504 christianis
1243 1448 1462 1503 similes
1525 1447 1661 1502 sint.
1771 1445 2028 1502 Versum
2091 1467 2161 1503 ex
2226 1447 2567 1504 Troadibus
2631 1448 2705 1521 (v.
2763 1449 2911 1524 395)

571 1565 657 1612 ter
725 1558 899 1611 citat:
966 1575 1108 1614 res,
1175 1574 1324 1610 car.
1391 1570 1424 1626 3
1489 1549 1701 1628 ‘post
1760 1563 2088 1610 mortem
2154 1557 2417 1610 omnia
2480 1554 2911 1618 finiuntur,

571 1665 809 1718 etiarn
858 1658 1074 1735 ipsa’‚
1125 1665 1266 1717 item
1314 1681 1409 1718 an.
1463 1677 1581 1734 42;
1648 1681 1771 1717 non
1834 1663 1911 1717 ad
1976 1663 2219 1717 verbum
2282 1670 2475 1717 exstat
2520 1680 2631 1717 res.
2682 1679 2798 1716 car.
2862 1675 2925 1715 1:

575 1761 706 1826 ‘ait
777 1777 851 1824 et
928 1769 1232 1824 Seneca
1311 1771 1574 1824 omnia
1660 1778 1841 1842 post
1918 1777 2243 1824 mortem
2326 1769 2587 1836 finiri,
2682 1770 2924 1823 etiam

561 1864 864 1950 'ipsa1n.’
963 1877 1159 1947 Atque
1208 1895 1277 1931 ex
1331 1877 1478 1932 libro
1527 1877 1604 1930 de
1652 1877 1954 1932 beneficiis
2005 1875 2113 1949 (IV
2150 1874 2207 1944 6,
2260 1874 2296 1930 6
2348 1873 2517 1948 extr.)
2575 1876 2933 1931 sententiam

569 1985 740 2039 affert
788 2001 881 2037 an.
949 1997 1027 2038 20
1076 1985 1165 2037 in:
1212 1979 1456 2038 ‘sicut
1505 1991 1580 2037 et
1628 1982 1940 2038 Seneca
2002 2000 2240 2056 saepe
2304 1990 2613 2038 noster:
2680 1981 2932 2036 insita

571 2097 742 2145 sunt
804 2089 1037 2143 nobis
1101 2090 1432 2144 omnium
1495 2090 1784 2144 artium
1848 2097 1922 2143 et
1988 2097 2345 2145 aetatum
2408 2090 2709 2144 semina
2771 2107 2929 2143 ma-

569 2198 993 2270 gisterque
1043 2215 1126 2250 ex
1176 2197 1503 2251 occulto
1553 2197 1747 2251 deus
1796 2197 2177 2269 producit
2224 2189 2647 2270 ingenia.¹)

781 2301 993 2358 Libros
1043 2303 1307 2358 Senecae
1353 2322 1514 2358 nunc
1563 2305 1908 2376 deperditos
1958 2305 2228 2359 nominat
2287 2304 2486 2376 apol.
2553 2317 2633 2374 50
2694 2297 2931 2357 ‘multi

571 2411 776 2483 apud
825 2427 955 2464 vos
1006 2411 1098 2464 ad
1147 2411 1667 2465 tolerantiam
1715 2411 2026 2465 doloris
2077 2418 2152 2472 et
2192 2411 2471 2465 mortis
2504 2397 2929 2477 hortantur,

570 2526 651 2572 ut
700 2516 985 2573 Cicero
1033 2519 1110 2572 in
1159 2516 1684 2586 TusculaniS,
1734 2527 1814 2573 ut
1860 2518 2167 2573 Seneca
2227 2520 2305 2573 in
2350 2512 2797 2573 Fortuitis’.
2872 2526 2931 2572 et

570 2624 647 2679 ib.
709 2638 779 2679 12
827 2612 1062 2679 ‘idem
1111 2626 1346 2694 estiS,
1396 2627 1531 2699 qui
1581 2625 1962 2681 Senecam
2023 2625 2373 2696 aliquem
2431 2624 2801 2698 pluribus
2854 2634 2930 2679 et

572 2733 1115 2788 amarioribus
1209 2735 1301 2789 de
1379 2742 1648 2788 vestra
1736 2733 2334 2806 superstitione
2409 2742 2929 2805 perorantem

573 2831 1283 2912 reprehendistis’.

783 2946 922 3001 Non
969 2956 1059 3001 est
1103 2947 1442 3001 mirandum
1505 2945 1943 3003 Tertullianum
1990 2946 2203 3019 legisse*
2248 2940 2526 3003 Tacitum
2600 2953 2659 3000 et
2706 2941 2927 3004 Sueto-

575 3052 752 3122 nium,
819 3054 919 3125 qui
981 3054 1107 3107 eius
1170 3054 1536 3127 temporibus
1596 3055 1657 3108 in
1714 3054 1981 3109 omnium
2037 3053 2310 3108 manibus
2378 3060 2577 3117 erant3
2644 3062 2703 3107 et
2767 3054 2927 3109 illum

574 3161 815 3233 quidem
873 3160 1252 3215 vehementer
1308 3161 1623 3233 impugnat
1678 3169 1782 3215 nat
1829 3160 1855 3215 1
1908 3161 1982 3215 11
2045 3170 2103 3215 et
2151 3160 2305 3232 apol.
2362 3158 2458 3223 16,
2524 3162 2689 3231 quod
2751 3179 2927 3216 vene-

575 3268 867 3323 rationem
916 3268 1124 3339 capitis
1159 3268 1373 3322 asinini
1405 3269 1626 3339 primus
1662 3266 2010 3323 Christianis
2044 3269 2469 3339 imputavisset‚
2505 3267 2670 3322 hisce
2702 3270 2925 3323 verbis:

571 3366 1030 3431 ‘Cornelius
1097 3373 1462 3443 TacituS,
1530 3393 1720 3429 sane
1788 3376 1927 3430 ille
1985 3374 2589 3429 mendaciorum
2646 3375 2926 3447 loqua-

576 3470 978 3547 cissimus'
1033 3500 1082 3536 e.
1136 3500 1190 3553 q.
1243 3499 1287 3537 S.

789 3588 1108 3643 Suetonius
1157 3596 1356 3644 autem
1404 3590 1480 3643 de
1526 3587 1766 3643 Nerone
1815 3590 2027 3644 citatur
2074 3607 2169 3644 an.
2225 3606 2336 3660 44;
2393 3584 2490 3645 ‘et
2537 3588 2928 3644 Neronem

577 3696 1019 3752 Suetonius
1116 3704 1183 3750 et
1271 3696 1898 3769 Thrasymedem
1978 3695 2535 3771 Theopompus
2629 3704 2930 3770 negant

575 3820 937 3875 umquam
986 3792 1456 3859 soniniasse’
1513 3803 1701 3879 (Suet.
1749 3803 1885 3860 Ner.
1932 3798 2062 3883 46),
2112 3812 2289 3876 atque
2336 3805 2415 3859 ad
2462 3802 2733 3859 Suetonii
2782 3806 2926 3859 vitas

793 4033 831 4096 l)
891 4048 920 4083 e
984 4030 1250 4082 memoria
1313 4030 1366 4082 T.
1427 4031 1594 4083 citare
1649 4030 1877 4095 videtur,
1954 4047 2077 4085 cum
2135 4030 2281 4099 apud
2339 4031 2605 4083 Senecam
2660 4031 2924 4097 legamus:

887 4120 1100 4172 insita
1153 4124 1308 4172 sunt
1371 4120 1570 4172 nobis
1624 4120 1917 4172 omnium
1958 4126 2274 4176 aetatum,
2329 4119 2625 4171 omniurn
2680 4120 2925 4171 artium

883 4208 1153 4262 semina
1193 4225 1244 4261 e.
1287 4224 1332 4275 q.
1377 4225 1416 4260 S.
