3157 4938
1541 285 1937 348 -8-

777 470 1160 525 calceatus
1209 470 1488 543 galeam
1537 477 1699 524 test.
1750 487 1846 524 an.
1902 484 1967 536 2;

776 587 854 634 ut
910 578 1148 632 ctiam
1195 579 1495 632 animas
1544 583 1868 633 nostras
1920 578 2437 632 auctoratiin
2470 576 2607 632 has
2640 595 2923 652 pugnas

560 685 1037 741 accedamus
1113 680 1358 760 (,‚selbst
1427 685 1533 739 mit
1602 682 2062 756 Daransetzung
2139 699 2385 738 unseres
2463 682 2739 739 Lebens“
2818 676 2921 754 K.)

560 789 736 864 Scap,
795 807 815 847 1
873 793 977 859 in„
1028 792 1142 847 nisi
1191 791 1340 846 forte
1387 791 1682 846 auctorati
1746 789 1843 845 hic
1906 790 2219 863 deponens
2279 797 2370 846 est
2419 785 2508 866 (ut
2554 789 2730 864 Apul.
2779 800 2923 848 met.

562 896 756 975 9,19),
806 899 971 970 quod
1019 915 1165 953 sane
1213 895 1504 953 Oehlerus
1556 905 1755 970 negat.

774 1003 993 1072 Verba,
1044 1022 1198 1077 quae
1245 1006 1306 1059 in
1338 1022 1556 1077 genere
1589 1006 1785 1060 activo
1818 1005 2119 1077 duplicem
2151 1005 2561 1060 accusativum
2593 1006 2922 1072 asciscunt,

561 1112 622 1166 in
669 1113 908 1183 passivo
955 1112 1117 1186 apud
1175 1118 1384 1184 poetas
1429 1112 1808 1184 potissimum
1868 1120 1927 1166 et
1984 1112 2341 1184 posteriores
2398 1113 2715 1184 scriptores
2780 1129 2925 1167 cum

560 1219 905 1273 accusativo
953 1219 1172 1273 obiecti
1220 1218 1675 1284 subnectuntur,
1724 1219 1908 1274 affero
1958 1219 2142 1274 haec:

776 1326 1361 1398 impudentiam
1409 1325 1651 1380 docta
1702 1320 1907 1402 (virgo)
1960 1327 2104 1398 virg.
2157 1325 2265 1380 vel.
2320 1325 2387 1392 2;

778 1450 962 1487 caro
1009 1433 1353 1488 docetur
1400 1433 1932 1488 sanctitatem
1978 1449 2223 1505 monog.
2277 1446 2341 1503 3;

783 1534 978 1617 (Cato)
1045 1540 1366 1595 litteras
1433 1557 1701 1594 eorum
1766 1534 1885 1615 (sc.
1948 1536 2457 1616 Graecorum)
2531 1557 2931 1613 vocemque

568 1664 817 1701 senex
866 1648 1014 1702 iam
1063 1649 1430 1703 eruditus
1477 1647 1613 1721 pall.
1668 1663 1702 1718 3
1754 1665 1851 1715 ex;

777 1753 1225 1809 absolutam
1274 1756 1583 1810 veniam
1641 1754 2015 1810 offensae
2070 1754 2525 1827 patientiae
2589 1755 2929 1811 eruditus

564 1868 684 1932 pat.
738 1874 808 1930 33

778 1968 997 2022 deum
1045 1987 1185 2023 nos
1234 1987 1270 2024 a
1317 1969 1732 2041 prophetis
1782 1967 2196 2022 erudimur
2243 1963 2427 2022 Mare.
2480 1967 2534 2022 11
2592 1966 2697 2036 163

779 2076 1145 2130 ordinem
1207 2084 1275 2130 et
1339 2074 2055 2148 significationem
2120 2075 2406 2129 somnii
2468 2093 2603 2147 per
2665 2077 2929 2132 omnia

563 2181 996 2236 instruitur
1043 2183 1287 2238 ieiun.
1345 2195 1407 2254 7;

780 2307 1066 2344 causas
1125 2289 1694 2362 expostulatus
1744 2329 1757 2344 .
1813 2330 1825 2342 .
1872 2331 1885 2346 .
1954 2289 2386 2360 respondit
2443 2303 2565 2343 cor.
2617 2305 2694 2343 m.
2755 2303 2775 2342 1
2832 2289 2915 2345 in.

785 2411 840 2491 2)
907 2411 1162 2491 genetivi
1235 2411 1684 2473 exclamationis
1705 2405 1749 2490 l)
1824 2431 2010 2469 unum
2076 2419 2269 2468 exstat
2338 2413 2701 2485 exemplum:
2782 2432 2821 2488 p
2840 2432 2867 2469 r
2886 2431 2924 2468 o

565 2521 816 2575 malae
867 2522 1398 2576 tractationis
1446 2540 1623 2595 paen.
1683 2536 1779 2577 12.

784 2644 840 2719 3)
909 2642 1224 2723 genetivus
1289 2642 1771 2723 comparationis,
1796 2638 1841 2723 2)
1915 2663 2053 2700 cum
2124 2645 2301 2700 ctiam
2363 2646 2525 2717 apud
2588 2643 2925 2700 Vitruvium

563 2750 913 2827 inveniatur,
963 2753 1074 2806 etsi
1121 2755 1486 2823 graecismus
1539 2771 1659 2809 non
1706 2753 2007 2825 putandus
2058 2753 2149 2817 sit,
2214 2759 2414 2806 tamen
2460 2770 2496 2805 a
2544 2750 2920 2806 Tertulliano

563 2858 893 2912 imitatione
941 2857 1179 2930 linguae
1225 2878 1475 2932 graecae
1526 2861 1808 2916 format-us
1856 2876 1990 2913 esse
2038 2859 2267 2914 videtur
2298 2857 2441 2912 mihi
2490 2852 2587 2933 (cf.
2624 2857 2919 2914 Sittelium

566 2964 601 3019 l.
656 2982 706 3019 c,
755 2982 813 3037 p.
875 2978 1013 3035 114,
1062 2965 1472 3022 Roeuschium
1523 2967 1557 3022 l.
1611 2987 1660 3023 c.
1708 2986 1764 3039 p.
1816 2964 1996 3041 435):

779 3072 1152 3127 maiorem
1199 3074 1443 3129 Asiae
1490 3083 1558 3129 et
1606 3074 1932 3129 Africae
1980 3080 2265 3127 terram
2312 3071 2497 3143 apol.
2552 3070 2662 3139 403

780 3178 978 3247 quod
1024 3180 1342 3251 angelis
1391 3179 1932 3235 inferioribus
1982 3178 2111 3232 dei
2160 3177 2400 3232 licuit
2448 3195 2585 3233 car.
2638 3175 2797 3233 Chr.
2853 3193 2921 3257 3;

778 3286 1253 3355 praevalens
1304 3288 1454 3342 eius
1506 3282 1616 3360 (se.
1667 3280 2071 3360 materiae)
2126 3276 2563 3364 [miichtiger
2611 3285 2715 3340 als
2780 3279 2921 3366 sie]

565 3388 933 3464 Hermog.
987 3406 1053 3464 9;

781 3517 1015 3554 casus
1065 3501 1183 3555 sui
1231 3500 1634 3573 potiorum
1682 3500 2103 3553 desiderio
2169 3495 2308 3572 (von
2372 3497 2711 3554 Sehnsucht
2769 3499 2923 3555 nach

564 3606 722 3673 dem,
773 3624 889 3661 was
939 3608 1140 3662 besser
1187 3607 1272 3661 als
1322 3605 1445 3661 ihre
1493 3603 1677 3681 Lage)
1730 3604 2014 3661 Valent.
2075 3604 2192 3671 143

779 3732 838 3807 4)
905 3728 1141 3790 dativus
1190 3728 1449 3789 auctoris
1499 3727 1624 3788 sive
1674 3744 1931 3807 graecus
1994 3747 2162 3786 rarus
2227 3738 2317 3784 est
2372 3730 2534 3801 apud
2589 3730 2921 3802 Apuleium,

568 3841 828 3896 crebrior
875 3840 1035 3912 apud
1083 3845 1315 3893 ceteros
1365 3839 1684 3911 scriptores
1733 3837 1930 3905 Afros,
1980 3838 2139 3892 velut
2173 3835 2627 3892 Tertullianum.
2694 3834 2921 3893 Contra

783 4033 819 4094 ¹)
859 4030 1015 4081 Arist.
1057 4029 1185 4096 plui.
1227 4027 1333 4081 389
1375 4035 1522 4096 οἴμοι
1557 4028 1657 4083 τῶν
1695 4025 1880 4080 κακῶν.

851 4118 920 4171 id.
973 4118 1100 4171 Aeh.
1133 4118 1199 4170 87
1229 4115 1326 4170 ἰ-ὦν
1365 4110 1817 4186 (ἱλαζονευμάίων.

783 4208 822 4272 ‘-‘)
863 4207 924 4260 cf.
966 4207 1355 4261 Woelfflinium
1394 4208 1594 4262 Archiv
1631 4209 1719 4262 VII
1758 4208 1875 4261 118.
