3157 4938
1155 333 1601 396 -17-

410 514 746 588 intellegi
795 514 1131 571 subiacet
1175 515 1361 589 apol.
1421 513 1527 583 153

407 618 733 677 Pendentis
779 621 855 677 ab
901 620 1200 677 adiectivo
1245 620 1516 678 infinitivi
1561 624 1963 697 graecismum
2008 641 2238 681 merum
2292 623 2355 680 in
2400 623 2551 681 libro

185 728 263 782 de
309 727 498 800 pallio
544 726 912 801 deprehendi
957 727 1223 784 notabile
1269 735 1389 784 est:

405 849 652 908 Ninus
701 869 1038 926 regnare
1082 850 1377 924 primus
1428 844 1814 928 (βασιλεύειν
1853 851 2129 932 πρῶτος)
2176 855 2349 928 pall.
2405 869 2462 910 2.

404 975 521 1032 Pro
577 977 923 1033 accusativo
987 993 1127 1032 cum
1187 975 1480 1033 infinitivo
1543 977 1704 1050 apud
1760 975 2198 1036 Tertullianum
2263 988 2330 1037 ut
2389 981 2552 1053 apud

179 1083 507 1202 plerosque
569 1084 873 1156 sequiores
933 1083 1250 1157 scriptores
1315 1084 1644 1140 innumeris
1702 1083 1824 1140 fere
1885 1085 2033 1141 locis
2091 1086 2551 1143 coniunctiones

179 1180 453 1260 ‘quod‚
513 1190 724 1262 quia,
774 1183 1163 1262 quoniam'
1215 1190 1467 1246 inveniri
1513 1191 1610 1246 vix
1667 1209 1885 1264 operae
1943 1192 2199 1266 pretium
2247 1200 2338 1249 est
2384 1210 2550 1249 com-

183 1312 540 1351 memorare,
654 1293 830 1365 Quae
893 1297 1283 1364 constructi0‚
1370 1296 1604 1353 etiamsi
1672 1299 2071 1371 graecismum
2132 1315 2267 1354 eam
2327 1298 2547 1355 habere

185 1419 308 1457 non
390 1403 546 1472 licet,
625 1404 791 1476 quod
866 1402 985 1459 iam
1060 1404 1123 1459 in
1193 1420 1469 1459 sermone
1537 1404 1763 1478 vulgari
1832 1405 2093 1462 auctoris
2163 1406 2300 1462 belli
2364 1404 2538 1480 Hisp.

185 1508 675 1582 deprehenditur,
723 1517 943 1578 tamen,
1004 1509 1169 1583 quod
1223 1509 1470 1566 invaluit
1525 1519 1586 1567 et
1640 1512 1949 1585 pullulavit
2004 1529 2133 1569 non
2190 1520 2330 1569 ante
2376 1511 2543 1588 Apu-

185 1615 362 1673 leium
443 1624 504 1672 et
577 1616 930 1674 latinitatem
1008 1616 1494 1685 ecclesiasticam,
1591 1635 1629 1674 a
1703 1636 1843 1674 vero
1934 1636 2061 1675 non
2137 1618 2543 1676 aberrabimus

186 1723 504 1779 credentes
551 1723 664 1779 illis
710 1723 1080 1798 temporibus
1121 1723 1420 1780 eiusmodi
1451 1731 1780 1781 structuras
1811 1725 2144 1782 imitatione
2180 1723 2550 1782 Graecorum

186 1838 392 1888 auctas
442 1839 503 1887 et
547 1833 930 1906 provulgatas
979 1849 1131 1888 esse.
1223 1831 1514 1905 Exempla
1570 1831 2012 1888 coniunctionis
2070 1847 2106 1904 q
2126 1849 2165 1888 u
2184 1831 2283 1887 od
2337 1849 2549 1888 cumu-

184 1937 302 1994 lare
350 1940 738 2012 supersedeo,
788 1940 1074 2012 quoniam
1121 1956 1243 1994 una
1288 1955 1526 2012 quaque
1559 1938 1682 1994 fere
1711 1939 1933 2012 pagina
1963 1939 2242 2013 praebet;
2291 1955 2542 1994 monen-

187 2046 329 2103 dum
401 2066 547 2105 vero
624 2048 768 2105 mihi
853 2046 1106 2116 videtur,
1200 2046 1423 2120 primos
1517 2045 1960 2102 ecclesiasticos
2039 2043 2359 2118 scriptores
2435 2062 2547 2118 pro

184 2144 454 2225 ‘quod'
541 2155 852 2230 scripsisse
925 2145 1165 2227 ‘quia’
1242 2160 1301 2209 et
1373 2140 1826 2226 ‘quoniam',
1897 2153 2224 2228 perductos
2295 2151 2549 2209 fortasse

187 2277 401 2332 graeca
449 2262 670 2336 lingua,
717 2262 780 2318 in
827 2278 947 2335 qua
993 2248 1228 2318 οὕνεκα
1279 2261 1440 2316 idem
1489 2267 1581 2315 est
1625 2266 1805 2331 atque
1850 2247 1972 2319 ὅτι.
2075 2256 2393 2315 Nonnullis
2450 2257 2549 2314 hic

191 2365 354 2424 locus
401 2370 581 2426 detur
626 2369 942 2442 exemplis:

399 2510 463 2589 a)
511 2514 727 2586 quia:

395 2616 463 2698 α)
513 2638 683 2677 cum
729 2620 1264 2678 coniunctivo
1309 2618 1614 2675 iunctum:

401 2746 490 2783 ex
566 2728 1105 2789 neccessitate
1182 2741 1330 2798 qua
1407 2723 1747 2779 diximus
1826 2722 2009 2794 quia
2072 2723 2363 2778 melius
2439 2723 2555 2779 sit

193 2835 490 2891 nubere
537 2851 763 2908 quam
811 2835 920 2891 uri
967 2850 1254 2907 monog.
1306 2847 1372 2905 3;

401 2960 560 2999 non
607 2943 1353 2999 animadvertentes
1416 2938 1586 3012 quia
1648 2937 2053 3010 scriptura
2112 2937 2555 3011 praemittat

195 3043 319 3104 Iud.
371 3063 442 3121 9;

404 3164 771 3231 superest
828 3168 909 3213 ut
964 3174 1052 3213 ex
1097 3154 1411 3212 homine
1468 3154 1574 3209 sit
1628 3158 1908 3220 matre;
1974 3152 2038 3207 si
2096 3169 2183 3207 ex
2244 3150 2551 3221 homine,

196 3259 338 3319 iam
383 3272 724 3339 apparet
768 3264 954 3337 quia
1000 3281 1087 3319 ex
1135 3250 1454 3336 virgine
1496 3257 1662 3338 (sit)
1710 3256 1941 3315 Mare.
1991 3256 2077 3313 IV
2134 3272 2231 3314 10.

404 3372 780 3445 dispecto
854 3365 993 3446 (abl.
1043 3369 1210 3447 ‘abS.)
1284 3368 1468 3442 quia
1533 3367 1647 3424 ita
1710 3364 2088 3423 debuerit
2157 3344 2552 3449 instituere

203 3469 458 3557 (deus)
507 3476 738 3536 Marc.
787 3475 845 3534 ΙΙ
901 3476 982 3544 6;

402 3582 471 3663 β)
521 3603 659 3643 cum
705 3583 1150 3642 indicativo
1211 3583 1564 3641 iunctum:

400 3700 736 3767 apparet
782 3692 964 3766 quia
1009 3708 1164 3748 non
1210 3705 1355 3763 ego
1402 3688 1595 3744 illos
1642 3688 1835 3744 deos
1882 3686 2068 3743 dico
2114 3685 2304 3743 idol.
2360 3698 2475 3753 203

486 3994 850 4050 Pei-sonaliter
885 3991 1135 4047 subiacet
1170 3988 1479 4043 adhibitum
1519 3991 1625 4040 est:

491 4083 897 4139 exhortatio
935 4079 1253 4135 subiacet
1286 4082 1418 4147 pat.
1461 4076 1492 4129 7
1529 4076 1620 4141 in;
1659 4073 1945 4128 materia
1977 4072 2103 4126 deo
2152 4072 2554 4127 subiacebat

489 4172 786 4241 Hei-mog.
847 4168 939 4235 28;
996 4184 1120 4222 nec
1178 4167 1248 4221 in
1305 4163 2019 4221 communicationem
2076 4161 2206 4214 alii
2266 4160 2385 4215 deo
2444 4177 2555 4214 su-

490 4260 714 4315 biacet
750 4259 1058 4326 (nomen)
1095 4256 1288 4311 Marc.
1329 4256 1396 4309 III
1443 4256 1524 4309 15.

2236 4341 2276 4405 2
