3157 4938
1248 303 1691 370 „55-

287 487 462 546 Talia
507 467 697 564 1111113
723 507 795 546 ex
842 487 1008 546 Tert.
1055 489 1266 544 afferre
1326 507 1451 544 non
1512 487 1757 546 difficile
1821 496 1929 558 est,
1969 483 2013 566 l)
2087 490 2197 546 sed
2252 505 2416 546 nunc
2461 489 2641 545 nobis

283 614 410 652 non
455 613 724 653 necesse.
819 593 1082 652 Breviter
1127 603 1328 652 autem
1394 595 1491 651 hic
1561 596 1718 651 duos
1788 596 1955 652 locos
2024 596 2318 670 attingere
2382 604 2639 670 oportet,

283 702 345 758 in
405 703 620 776 quibus
686 710 955 776 tempora
1025 702 1142 758 alia
1205 718 1391 758 causa
1457 708 1796 775 permutata
1864 710 2036 759 sunt:
2106 719 2355 777 monog.
2432 717 2466 774 3
2539 703 2632 758 in:

291 793 649 865 ‘etiamsi
697 816 948 865 totam
995 818 1064 865 et
1111 808 1460 866 solidam
1507 809 2076 882 virginitatem
2140 810 2307 866 sive
2371 811 2639 866 conti-

283 916 635 973 nentiam
711 916 1185 990 paracletus
1264 915 1516 974 hodie
1610 916 2287 986 determinasset,
2381 925 2462 972 ut
2538 934 2641 972 ne

282 1024 460 1080 unis
536 1023 852 1097 quidem
929 1025 1245 1098 nuptiis
1325 1023 1724 1080 fervorem
1802 1023 2073 1078 carnis
2165 1024 2641 1098 despumare

280 1131 824 1204 permitteret,
891 1131 1008 1186 sic
1057 1147 1373 1203 quoque
1431 1129 1642 1186 nihil
1703 1129 1893 1185 novi
1955 1130 2373 1187 inducere·
2412 1131 2637 1186 vide·

282 1231 533 1294 retur'.
625 1235 764 1293 Hoc
841 1236 978 1293 loco
1055 1238 1156 1310 qui
1234 1237 1559 1293 offenditur
1634 1235 1987 1309 imperfecto
2066 1227 2397 1293 ‘videretur'
2494 1247 2634 1310 post

279 1343 535 1418 plusqpf.
576 1335 1067 1400 ‘determinasset'
1152 1346 1370 1418 posito,
1436 1362 1514 1400 ne
1575 1341 1961 1399 obliviscatur
2014 1336 2333 1400 ‘inducere'
2405 1351 2639 1400 exstare

278 1469 386 1526 pro
424 1440 769 1507 ‘induxisse'
822 1459 881 1506 et
924 1468 1212 1525 praesens
1259 1459 1500 1525 propter
1561 1466 1776 1507 vocem
1814 1439 2031 1506 ‘hodie’
2098 1451 2433 1508 adhibitum
2476 1467 2633 1507 esse.

278 1559 457 1614 ieiun.
511 1561 544 1617 1
594 1557 684 1614 in:
727 1553 1203 1614 ‘monstrum
1251 1557 1590 1614 scilicet
1635 1556 2075 1613 haberetur
2137 1558 2398 1615 libido
2461 1559 2635 1613 sine

279 1666 508 1739 gulo,
568 1682 737 1720 cum
782 1665 935 1720 duo
981 1664 1177 1721 haec
1228 1672 1376 1720 tam
1425 1665 1653 1720 unita
1697 1669 1934 1734 atque
1981 1673 2373 1721 concreta
2434 1665 2634 1730 sint,

278 1779 360 1828 ut
408 1773 472 1828 si
519 1771 888 1845 disiungi
935 1772 1258 1828 omnino
1304 1772 1815 1844 potuissent,
1888 1771 2044 1846 ipsi
2103 1771 2325 1845 prius
2374 1771 2637 1827 ventri

275 1879 652 1952 pudenda
695 1896 853 1934 non
898 1871 1483 1935 adhaererent'.
1565 1870 1896 1953 ‘potuisset’
1947 1878 2205 1952 pertinet
2252 1879 2332 1934 ad
2380 1885 2637 1951 tempuS,

277 2002 396 2059 quo
445 1993 660 2042 natura
697 1984 962 2041 humana
993 1985 1320 2052 creabatur,
1361 1977 1791 2042 ‘adhaererent’
1843 1995 2044 2043 autem
2091 1985 2254 2041 idem
2301 1984 2641 2058 significare

275 2101 521 2167 apparet
572 2093 738 2165 quod
774 2087 1037 2148 ‘adnexa
1087 2080 1324 2148 essent'.

485 2197 554 2254 B.
605 2196 910 2268 Quoniam
972 2198 1051 2255 de
1106 2198 1570 2272 proprietatibus
1634 2199 1943 2257 africitatis
2014 2201 2096 2257 ad
2166 2200 2452 2274 syntaxin
2497 2216 2633 2272 per-

275 2305 601 2362 tinentibus
659 2305 800 2374 dixi,
864 2322 1031 2360 nunc
1091 2305 1358 2361 animum
1417 2305 1746 2379 dirigamus
1809 2307 1888 2362 ad
1950 2319 2119 2367 usum
2189 2301 2633 2366 vocabulorum.

275 2409 414 2483 Qua
456 2413 519 2469 in
564 2419 734 2488 parte
777 2413 842 2468 in
885 2411 1236 2467 memoriam
1282 2410 1552 2468 revocari
1599 2411 1797 2483 debet,
1847 2413 2014 2487 quod
2058 2413 2179 2469 iam
2223 2413 2288 2468 in
2332 2411 2627 2487 principio

275 2520 485 2595 capitis
531 2519 588 2575 II
637 2515 736 2596 (de
784 2516 1156 2596 archaismis)
1206 2535 1620 2593 exposueram,
1668 2519 1859 2577 multa
1904 2537 2057 2587 esse,
2108 2537 2262 2593 quae
2310 2536 2437 2575 non
2468 2527 2635 2577 certo

276 2628 532 2684 sciamus
601 2635 800 2682 utrum
869 2642 941 2680 ex
1011 2639 1292 2680 sermone
1360 2625 1586 2698 vulgari
1654 2628 1840 2698 petita
1908 2627 2045 2690 sint,
2127 2645 2206 2683 an
2283 2645 2356 2683 ex
2430 2625 2633 2682 studio

276 2742 590 2807 poetarum
644 2731 1053 2806 imprimisque
1121 2739 1387 2787 veterum
1457 2732 1881 2799 emanaverint,
1962 2750 2041 2789 an
2108 2733 2186 2789 ab
2254 2732 2412 2789 Afris
2484 2734 2628 2805 ipsis

277 2858 430 2897 nove
475 2840 615 2897 ficta
661 2838 800 2895 sint.
893 2837 1094 2894 Facile
1125 2837 1304 2911 igitur
1333 2838 1397 2893 in
1429 2837 1533 2906 eiS,
1585 2854 1741 2910 quae
1788 2839 2174 2908 enumerabo,
2224 2840 2634 2913 subrepserint

276 2955 378 3004 aut
424 2965 513 3016 ea,
563 2963 716 3019 quae
763 2962 903 3001 cum
950 2945 1264 3001 videantur
1308 2945 1384 3001 ab
1432 2944 1591 3001 Afris
1640 2945 1784 3019 ipsis
1831 2945 1893 3001 in
1959 2962 2136 3001 usum
2182 2946 2431 3002 inducta
2477 2962 2630 3011 esse,

276 3064 477 3127 tamen
523 3055 642 3109 iam
688 3052 851 3127 apud
895 3051 1127 3126 priscos
1176 3053 1495 3125 scriptores
1539 3052 1606 3108 in
1667 3070 1781 3109 usu
1847 3052 2082 3122 fuerint,
2147 3069 2510 3126 quamquam
2569 3052 2631 3109 in

273 3163 334 3217 in
381 3160 610 3233 exiguis
658 3160 896 3232 linguae
943 3160 1178 3234 priscae
1226 3157 1575 3232 fragmentis
1625 3176 1749 3215 non
1797 3161 1915 3215 iam
1964 3168 2308 3228 cernuntur,
2373 3168 2477 3215 aut
2535 3177 2629 3227 ea,

273 3284 429 3340 quae
488 3267 680 3340 magis
742 3266 851 3321 toti
912 3265 1187 3322 latinitati
1250 3265 1508 3339 sequiori
1594 3266 1977 3323 attribuenda
2046 3269 2166 3323 sint
2233 3283 2413 3340 quam
2483 3266 2625 3323 afri·

279 3374 442 3430 citati
489 3374 617 3430 soli.

493 3480 551 3537 1.
601 3474 981 3541 substantiva
1030 3478 1092 3538 et
1138 3475 1451 3540 adieetiva.

485 3606 538 3647 a.
589 3586 728 3644 Non
785 3595 876 3643 est
929 3586 1348 3656 dubitandum,
1406 3586 1552 3661 quin
1600 3587 1726 3644 Afri
1782 3588 2196 3645 adamaverint
2252 3581 2630 3651 substantiva

271 3710 408 3756 oum
449 3691 532 3755 ‘in
579 3684 878 3773 privativo’
930 3688 1209 3755 formata.
1303 3691 1711 3751 Woelfflinius
1734 3687 1783 3771 ²)
1832 3696 1993 3751 enim
2040 3696 2374 3752 observavit
2419 3696 2625 3752 huius-

270 3803 436 3859 modi
483 3802 813 3860 sustantiva
857 3800 1121 3875 exceptis
1165 3800 1372 3874 paucis
1429 3802 1593 3876 apud
1652 3802 1878 3875 priores
1948 3802 2267 3875 scriptores
2339 3803 2628 3877 exemplis

487 4050 532 4113 ¹)
570 4048 632 4101 cf.
691 4046 820 4100 idol.
883 4046 950 4099 18
1004 4064 1054 4115 p.
1113 4045 1200 4111 52,
1269 4045 1338 4097 22
1394 4062 1471 4114 sq.
1531 4046 1622 4110 R.;
1691 4045 1820 4113 pall.
1879 4043 1916 4097 4
1986 4062 2036 4114 p.
2102 4044 2212 4099 940
2275 4044 2336 4098 Ο.
2402 4046 2625 4101 latraret

565 4139 656 4204 (=
693 4137 974 4193 latrasset)
1014 4166 1082 4173 —
1123 4135 1422 4189 detulisset.

485 4226 527 4292 2)
565 4227 765 4281 Archiv
802 4226 869 4281 1v
905 4225 1013 4279 400
1051 4232 1133 4295 sq.=
1168 4225 1423 4279 Roensch
1459 4226 1490 4277 l.
1531 4242 1576 4279 c.
1618 4242 1668 4293 p.
1710 4224 1817 4279 216
1858 4241 1935 4295 sq.
