3157 4938
1156 283 1413 345 —27
1510 322 1593 328 ,-

119 463 463 521 alludere
557 467 786 522 videtur
880 483 1070 539 scorp.
1163 480 1269 538 15:
1360 460 1582 522 ‘vitas
1673 464 2102 523 Caesarum
2181 469 2550 541 legimus:

124 572 596 627 orie-ntem
686 572 924 628 fidem
1002 573 1290 629 Romae
1376 575 1676 647 primus
1753 573 1955 629 Nero
2045 564 2549 631 cruentavit'.

126 678 224 733 cf.
298 688 513 751 spect.
570 694 602 751 5
654 688 795 734 extr.

406 786 589 841 Nunc
637 787 714 840 ad
762 782 1030 844 Plautum
1080 788 1273 841 venio.
1350 784 1648 842 Credibile
1694 806 1799 861 per
1846 806 1910 843 se
1957 797 2046 843 est
2095 787 2552 854 Tertullianum,

127 891 501 948 hominem
549 910 771 965 magno
818 895 1093 948 acumine
1140 895 1492 965 praeditum,
1555 896 1654 966 qui
1716 895 1911 951 faceto
1969 904 2027 951 et
2085 896 2244 950 salso
2293 897 2552 950 sermoni

134 1008 207 1052 et
280 1000 439 1072 ipse
495 1015 780 1073 perquam
838 1001 1120 1067 studeret,
1187 1002 1515 1056 comoediis
1589 1000 1878 1057 Plautinis
1953 1003 2125 1057 valde
2190 1002 2552 1057 delectatum

134 1122 330 1171 esse,
399 1108 521 1161 sive
569 1123 669 1161 eas
716 1107 779 1161 in
826 1106 1089 1175 theatriS,
1141 1108 1424 1179 quamdiu
1474 1108 1748 1163 ethnicus
1798 1117 1941 1177 erat,
1966 1110 2205 1164 ’audivit
2257 1104 2338 1184 (id
2386 1110 2553 1180 quod

138 1214 257 1267 vix
320 1214 653 1268 verisimile
700 1221 807 1281 est,
867 1230 1002 1268 cum
1050 1212 1361 1270 Plautinae
1420 1216 1772 1270 comoediae
1836 1216 1948 1271 illis
2013 1216 2378 1289 temporibus
2429 1234 2552 1270 non

140 1318 289 1374 iam
366 1327 542 1375 actae
597 1337 730 1375 esse
778 1315 1133 1401 videantur),
1184 1323 1306 1375 sive
1355 1322 1512 1394 legit.
1618 1320 1694 1377 Et
1756 1331 1895 1377 sunt
1955 1324 2016 1377 in
2079 1322 2239 1378 libris
2304 1323 2556 1394 vestigia

144 1427 552 1493 indubitata,
602 1427 815 1498 quibus
860 1428 1144 1499 probetur
1177 1427 1615 1484 Tertullianum
1647 1428 1840 1485 Plauti
1889 1437 2232 1485 accuratam
2280 1430 2553 1484 notitiam

150 1535 479 1599 tenuisse,
532 1534 761 1589 etiamsi
808 1550 1107 1606 nusquam
1153 1535 1398 1589 nomine
1445 1553 1582 1589 eum
1634 1536 1852 1590 citavit.

404 1639 683 1695 Profecto
732 1642 825 1695 vix
882 1641 1048 1696 aliter
1096 1648 1294 1713 potest
1335 1642 1614 1713 explicari
1648 1650 1734 1696 tot
1767 1642 2058 1697 vocabula
2087 1641 2361 1697 Plautina
2393 1644 2556 1715 apud

159 1744 635 1801 Tertullianum
684 1747 892 1813 redire,
942 1748 1053 1801 etsi
1101 1748 1471 1802 concedatur
1517 1748 1808 1804 nonnulla
1870 1750 1932 1804 in
1995 1765 2270 1803 sermone
2327 1749 2553 1822 vulgari

158 1862 426 1909 servata
475 1853 672 1909 fuisse.
768 1852 887 1908 Sed
933 1871 1121 1908 unum
1169 1862 1583 1926 argumentum
1615 1856 1732 1910 iam
1765 1856 1862 1910 hic
1893 1855 2256 1928 proferatur:
2307 1854 2554 1928 Legitur

160 1960 231 2014 in
286 1961 452 2015 libro
500 1961 579 2015 de
622 1960 801 2032 pallio
850 1956 1003 2034 (cap.
1058 1958 1140 2033 3),
1190 1961 1290 2015 ubi
1325 1960 1398 2017 T.
1447 1963 1654 2017 iocose
1702 1964 1778 2017 de
1829 1962 2244 2017 chamaleonte
2277 1962 2548 2016 disserit:

159 2057 783 2122 ‘Chamaleonti
866 2068 1461 2140 circumspectu
1549 2070 1949 2124 emissicii
2027 2069 2314 2136 ocelli,
2396 2069 2554 2123 imo

166 2173 523 2229 luminis
594 2181 896 2247 puncta
974 2164 1528 2248 vestiginant'.
1649 2174 1821 2244 Quae
1893 2177 2072 2231 verba
2141 2176 2431 2243 alludunt,
2506 2177 2554 2229 si

168 2280 333 2351 quid
398 2281 716 2349 credimus,
786 2282 865 2336 ad
920 2279 1111 2336 Plaut.
1217 2281 1350 2337 Aul.
1412 2297 1461 2350 1,
1522 2298 1571 2347 1,
1629 2298 1658 2336 2
1730 2283 2209 2351 ,exeundum
2278 2282 2556 2336 hercle

170 2388 339 2442 tibi
420 2387 601 2442 hinc
673 2396 788 2443 est
868 2387 1112 2456 foraS,
1194 2389 1959 2462 circumspectatrix
2041 2406 2203 2444 cum
2284 2389 2552 2443 oculis

174 2497 686 2551 emissiciis‘.
782 2497 913 2552 Alia
976 2497 1128 2552 infra
1191 2499 1490 2553 addentur
1536 2499 1775 2553 indicia.
1870 2497 1980 2553 His
2037 2506 2238 2552 autem
2297 2497 2554 2570 peractis

176 2605 261 2657 ad
329 2604 699 2659 archaismos
755 2604 919 2677 ipsos
978 2605 1373 2672 accedamus;
1440 2613 1499 2660 et
1560 2606 1863 2660 brevitatis
1927 2621 2110 2687 causa
2156 2605 2321 2659 hisce
2369 2605 2556 2676 signis

176 2716 351 2766 utar:

370 2816 444 2872 T.
526 2817 820 2890 significat
896 2818 1273 2886 vocabulum,
1354 2819 1519 2890 quod
1596 2819 1758 2890 apud
1835 2818 2026 2873 solum
2108 2816 2548 2872 Tertullianum

184 2908 489 2992 occurrit,

402 3030 518 3104 Tp.
571 3033 945 3100 vocabulum,
997 3034 1161 3104 quod
1210 3031 1283 3088 T.
1334 3034 1556 3105 primus
1606 3032 1803 3088 habet.

399 3128 441 3198 (ἑ
491 3131 526 3190 λ
572 3139 947 3204 vocabulum,
997 3141 1162 3210 quod
1211 3139 1391 3194 semel
1440 3147 1673 3195 tantum
1721 3139 2033 3194 invenitur.

414 3261 462 3301 1.
522 3245 743 3300 Amant
787 3247 965 3318 prisci
1014 3247 1349 3318 scriptoreS,
1400 3248 1711 3301 dumtaxat
1760 3246 1991 3311 comici,
2042 3240 2228 3304 verba
2274 3240 2555 3320 frequen-

188 3351 365 3411 tativa
414 3369 657 3426 ponere,
724 3353 825 3408 ubi
874 3353 1053 3408 verba
1101 3354 1391 3426 simplicia
1438 3354 1598 3409 idem
1649 3353 1770 3408 fere
1817 3353 2046 3421 valent3
2112 3351 2278 3424 quod
2337 3359 2404 3406 ut
2451 3351 2549 3406 alii

192 3457 333 3529 Afri,
400 3462 482 3515 ita
540 3459 614 3515 T.
681 3476 919 3532 quoque
982 3461 1312 3516 affectavit:
2172 3521 2180 3528 ,

401 3568 811 3635 adiutare,
884 3568 1049 3639 quod
1115 3569 1278 3640 apud
1344 3570 1573 3641 priscos
1646 3561 1840 3646 (Varr.
1907 3586 1950 3622 r.
2017 3586 2060 3622 r.
2127 3582 2180 3634 2,
2251 3579 2306 3638 7.
2405 3564 2549 3620 Ter.

194 3674 343 3730 And.
404 3691 455 3743 1,
510 3689 565 3746 3,
618 3673 681 3747 4)
747 3677 1021 3742 occurrit,
1083 3693 1118 3729 a
1182 3671 1377 3729 Gellio
1436 3691 1677 3748 quoque
1724 3682 2032 3746 receptum
2094 3670 2148 3748 (1
2222 3687 2276 3744 3,
2331 3687 2404 3743 14
2472 3681 2552 3727 ut

195 3784 428 3838 etiam
471 3783 822 3853 iniquam
856 3781 1357 3836 voluntatem
1390 3783 1620 3838 illius
1654 3783 2141 3848 adiutemus;
2195 3779 2268 3835 cf.
2295 3777 2352 3846 6,
2385 3793 2440 3849 3,
2474 3793 2548 3849 33

203 3903 293 3960 15,
332 3905 432 3957 22,
472 3883 533 3968 2)
584 3890 835 3963 legimus
884 3896 1031 3961 pat.
1086 3903 1148 3959 5:
1214 3891 1402 3961 quid
1450 3890 1541 3946 ad
1583 3891 2090 3964 *peccandum
2138 3887 2556 3943 adiutaret

198 3989 316 4074 (ubi
365 3999 499 4053 cod.
538 3995 716 4053 Vind.
769 4006 827 4052 et
872 3997 1040 4052 Leid.
1089 4000 1236 4056 falso
1284 4001 1571 4072 praebent
1613 3987 1999 4069 ‘adiuvaret').

402 4105 834 4161 defensare
882 4107 1107 4162 habent
1151 4115 1381 4180 praeter
1429 4109 1577 4163 alios
1627 4105 1870 4162 Plaut.
1921 4104 2190 4161 Bacch.
2245 4119 2301 4174 3,
2356 4118 2411 4174 3,
2468 4117 2548 4174 39

200 4212 395 4278 ,dum
442 4220 514 4266 te
562 4216 873 4287 poteris
923 4215 1353 4271 defensare
1400 4216 1732 4270 iniur·ia‘
1779 4222 1852 4268 et
1883 4212 2210 4269 Gellius
2246 4206 2332 4290 (6,
2373 4227 2428 4282 3,
2465 4224 2545 4284 47
