3157 4938
1537 268 1980 332 -72-

567 453 947 511 columbae
996 454 1311 511 libenter
1358 448 1724 510 errantes?
1769 470 1867 509 an.
1907 467 2024 516 10:
2090 452 2593 508 solummodo
2642 453 2922 507 vivens

567 554 1008 642 (formica);
1083 560 1235 634 apol.
1306 574 1415 619 12:
1488 558 1812 615 nomina
1867 558 2368 615 solummodo
2436 560 2670 616 video
2731 575 2922 632 quo-

566 667 900 724 rundam
946 673 1310 723 veterum
1356 673 1866 726 mortuorum.

780 773 857 830 Et
901 790 1153 848 possum
1198 779 1476 829 sescenta
1522 772 1750 841 afferre,
1801 773 1850 828 si
1896 773 2090 833 velim.

782 898 842 954 4.
892 876 1327 940 Abundantium
1376 874 1676 957 quandam
1723 876 2204 940 coniunctionum
2233 872 2282 959 l)
2331 879 2495 953 apud
2546 878 2728 935 Afros
2787 878 2924 934 scri-

563 996 767 1062 ptores
814 988 1010 1043 valere
1055 988 1210 1043 inter
1263 987 1420 1043 viros
1476 987 1694 1043 doctos
1757 994 1996 1043 constat
2043 979 2144 1066 (cf.
2195 985 2405 1043 Sittelii
2463 987 2501 1041 l.
2557 1003 2612 1042 e.
2664 1003 2724 1059 p.
2797 980 2922 1060 99.)

562 1093 643 1150 Et
674 1092 1099 1162 TertullianuS‚
1148 1094 1380 1150 etiamsi
1426 1094 1487 1149 in
1534 1094 1880 1150 universum
1925 1093 2432 1166 breviloquentiae
2461 1092 2658 1166 magis
2705 1091 2922 1157 studet,

566 1200 971 1258 locutionibus
1027 1200 1442 1257 huiuscemodi
1490 1201 1658 1257 ‘ideo
1703 1189 2052 1274 propterea’,
2101 1195 2310 1256 ‘etiam
2358 1231 2441 1241 —-
2490 1191 2744 1272 quoque’
2803 1214 2923 1253 non

565 1308 745 1382 plane
792 1308 1095 1369 abstinuit.

780 1424 951 1473 mart.
1023 1429 1043 1469 1
1117 1432 1215 1471 ex:
1280 1422 1350 1470 et
1410 1413 1580 1470 ideo
1644 1432 1800 1471 eam
1842 1422 2235 1489 propterea
2280 1414 2354 1469 in
2399 1412 2611 1469 vobis
2661 1412 2925 1468 habere

566 1528 637 1577 et
684 1521 932 1577 fovere
980 1529 1049 1577 et
1095 1522 1479 1577 custodire
1526 1520 1847 1591 debetis;
1896 1521 2041 1581 idol.
2080 1535 2190 1577 20:
2245 1496 2667 1577 meminisse
2700 1519 2921 1575 debe-

568 1646 719 1684 mus
796 1629 1011 1685 etiam
1102 1628 1175 1683 in
1267 1628 1503 1684 verbis
1599 1644 1887 1701 quoque
1978 1626 2457 1683 idololatriae
2551 1625 2924 1689 incursum

566 1735 1177 1809 praecavendum;
1273 1734 1417 1808 virg.
1496 1734 1607 1794 vel.
1694 1749 1797 1790 10:
1892 1733 2264 1789 debebunt
2331 1733 2548 1789 etiam
2627 1741 2698 1788 et
2791 1732 2921 1805 ipsi

566 1842 815 1915 aliqua
862 1842 1000 1898 sibi
1046 1841 1371 1915 insignia
1418 1840 1844 1907 defendere,
1911 1837 2012 1895 ubi
2061 1834 2356 1894 Oehlerus
2415 1838 2680 1895 coniecit
2748 1840 2918 1905 enim,

566 1948 778 2004 dubito
826 1948 1093 2027 anqiure.
1200 1946 1352 2005 Prax
1410 1962 1514 2021 13:
1581 1947 1800 2003 etiam
1862 1943 2100 2001 adhuc
2162 1944 2534 2017 antiquior
2591 1943 2920 2003 GenesiS.

576 2045 828 2110 ‘Adhuc'
880 2054 1041 2110 enim
1087 2052 1205 2109 hoc
1251 2054 1388 2111 loco
1435 2053 1681 2110 minime
1713 2054 1793 2109 ad
1824 2060 2058 2126 tempus
2090 2051 2350 2125 respicit,
2399 2053 2510 2108 sed
2539 2062 2607 2109 ut
2638 2068 2921 2126 persaepe

566 2160 973 2235 comparativo
1018 2159 1276 2217 adicitur
1321 2161 1587 2217 notionis
1636 2160 2085 2217 confirmandae
2135 2177 2336 2219 causa.

1534 2496 1778 2592 Caput
1829 2496 1950 2568 IV.

573 2729 575 2732 ,
674 2655 769 2737 De
826 2655 1195 2736 vocabulis
1253 2676 1345 2736 ex
1402 2656 1574 2735 iuris
1635 2654 2114 2735 consultorum
2175 2673 2508 2734 sermone
2567 2654 2835 2752 petitis.

776 2839 1233 2901 Tertullianum.
1303 2839 1648 2913 priusquam
1711 2840 1792 2894 ad
1859 2839 2040 2894 fidem
2117 2837 2501 2894 christianam
2568 2839 2914 2911 pervenerit,

564 2949 929 3004 advocatum
978 2946 1159 3003 fuisse
1206 2947 1269 3001 in
1300 2945 1521 3013 Africa,
1566 2930 1888 3002 ‘nutricula
1920 2933 2373 3001 causidicorum’
2412 2941 2563 3021 (juv.
2601 2942 2717 3000 VII
2759 2940 2914 3019 148),

564 3057 718 3111 inter
763 3056 918 3111 viros
966 3054 1183 3110 doctos
1232 3060 1487 3109 constat.
1581 3051 1736 3108 Nam
1783 3051 2014 3108 etiamsi
2062 3059 2226 3106 certo
2272 3051 2512 3125 probari
2559 3045 2688 3106 non
2726 3057 2920 3124 potest

563 3169 835 3216 nostrum
882 3161 1229 3233 scriptorem
1278 3162 1539 3217 eundem
1587 3177 1720 3217 esse
1767 3177 1906 3216 cum
1951 3159 2094 3216 iuris
2143 3157 2424 3214 consulto
2469 3157 2592 3226 illo,
2642 3159 2816 3214 cuius
2861 3157 2919 3213 in

562 3267 813 3340 digestis
861 3267 1081 3339 scripta
1127 3267 1384 3324 citantur
1431 3264 1531 3344 (de
1578 3268 1869 3324 castrensi
1914 3266 2150 3340 peculio
2199 3265 2296 3322 lib.
2341 3265 2492 3339 sing.
2526 3271 2586 3321 et
2617 3266 2916 3338 quaestio-

563 3391 711 3430 num
757 3374 793 3430 l.
828 3371 1013 3451 Vm),
1064 3381 1263 3430 tamen
1312 3392 1383 3430 ex
1430 3373 1606 3430 variis
1649 3375 1864 3447 quibus
1897 3375 2081 3430 utitur
2111 3372 2516 3429 locutionibus
2549 3380 2609 3427 et
2639 3370 2918 3429 ICtorum

564 3481 815 3537 vocibus
863 3498 1001 3537 eum
1046 3476 1536 3537 iurisconsultum
1587 3481 1678 3537 vel
1725 3498 2043 3537 causarum
2087 3481 2448 3536 advocatum
2493 3480 2691 3553 ipsum
2741 3478 2918 3534 fuisse

563 3607 689 3645 non
734 3589 919 3644 modo
967 3588 1248 3645 credibile
1295 3589 1404 3644 sed
1450 3587 1848 3644 certissimum
1895 3594 2004 3645 est.
2099 3585 2506 3646 Tertullianus
2553 3587 2734 3655 enim,
2783 3603 2916 3642 cum

563 3693 935 3753 Christianus
983 3694 1175 3751 factus
1223 3694 1467 3769 pallium
1511 3710 1620 3767 pro
1669 3702 1812 3768 toga
1858 3694 2150 3761 indueret,
2209 3702 2483 3751 naturam
2539 3695 2732 3768 ipsam
2779 3711 2914 3748 cau-

562 3803 736 3859 sidici
811 3804 896 3859 ita
970 3820 1096 3858 non
1172 3804 1354 3871 exuit,
1434 3810 1500 3860 ut
1575 3819 1781 3858 revera
1846 3803 2174 3858 advocatus
2244 3801 2604 3858 christianus
2674 3816 2914 3856 causam

563 3907 1038 3967 Christianorum
1084 3919 1305 3984 ageret.

781 4120 823 4180 ¹)
862 4118 1029 4172 etiam
1068 4118 1333 4172 adverbia
1368 4117 1459 4172 hic
1494 4117 1606 4172 illic
1643 4116 1994 4172 cumulantur
2017 4115 2080 4170 cf.
2109 4133 2155 4170 e.
2184 4131 2228 4184 g.
2257 4119 2367 4170 nat.
2409 4115 2492 4170 14
2518 4109 2589 4185 (p.
2621 4115 2706 4182 64,
2739 4113 2804 4168 19
2829 4114 2908 4180 R.)

860 4211 1045 4261 retro
1086 4211 1257 4261 ante.
2302 4213 2306 4216 “
