3157 4938
1189 291 1628 358 „33—

226 477 607 552 fumigata‘
679 486 740 534 et
808 475 962 534 Gell.
1031 490 1128 549 19,
1189 491 1241 545 1,
1311 490 1345 547 3
1415 477 1516 548 qui
1586 474 1957 532 intransitive
2024 491 2239 531 vocem
2298 481 2581 548 usurpat:

225 583 734 658 ,fumigantes
781 584 1054 658 glebi‘.

430 693 720 748 mutire
766 691 1162 765 complurium
1219 691 1552 764 priscorum
1600 689 1902 764 proprium
1960 686 2135 762 (Eun.
2186 687 2379 746 Plaut.
2407 675 2585 762 Ter.)

222 772 387 856 Tert.
439 799 742 855 interdum
784 797 1092 856 adhibuit:
1155 813 1414 872 praescr.
1468 811 1583 870 24:
1647 797 1858 853 alius
1919 804 2193 871 postea
2237 796 2311 852 in
2355 813 2581 870 para·

223 905 481 960 disum
549 914 866 979 ereptus
944 905 1182 962 debet
1257 905 1621 972 ostendi,
1715 904 1842 960 cui
1933 903 2385 979 permissum
2478 903 2586 958 sit

223 1012 501 1085 eloqui,
551 1029 731 1085 quae
777 1011 1006 1070 Paulo
1067 1013 1324 1069 mutire
1377 1029 1523 1068 non
1572 1011 1839 1080 licuit;
1910 1019 2043 1068 test.
2110 1029 2207 1069 an.
2258 1008 2297 1067 6
2346 1011 2581 1066 omnis

221 1120 458 1176 anima
536 1136 671 1175 suo
740 1120 909 1176 iure
965 1120 1448 1194 proclamat,
1528 1136 1724 1192 quae
1799 1118 2029 1175 nobis
2101 1135 2240 1174 nec
2305 1117 2585 1174 mutire

224 1227 694 1286 conceditur.

427 1334 879 1407 propitiare
926 1342 985 1389 et
1031 1332 1276 1390 Plautus
1323 1332 1474 1389 dixit
1521 1326 1735 1413 (Poen.
1795 1347 1847 1401 1,
1887 1346 1941 1401 2,
2001 1346 2122 1388 120
2169 1339 2236 1388 ut
2280 1329 2583 1387 Venerem

223 1433 564 1520 propitiem)
634 1449 694 1497 et
758 1441 1091 1498 archaistae
1152 1448 1623 1514 assumpserunt,
1693 1439 1851 1496 velut
1905 1439 2083 1514 Apul.
2147 1447 2287 1500 met.
2356 1453 2411 1507 2,
2486 1452 2585 1507 10,

227 1544 374 1603 Min.
423 1546 548 1601 Fel.
605 1561 704 1619 29,
754 1564 813 1620 4.
1742 1545 1747 1550 ’

439 1651 608 1710 Tert.
657 1654 816 1728 apol.
873 1652 948 1711 16
1008 1653 1088 1729 (p.
1149 1666 1266 1727 177
1319 1649 1418 1727 O.)
1484 1670 1641 1710 cum
1705 1653 1979 1727 lignum
2044 1652 2342 1725 aliquod
2402 1668 2585 1725 pro·

225 1760 568 1834 pitiatur
647 1757 754 1838 (=
829 1759 1153 1839 placatur);
1244 1768 1465 1835 spect.
1553 1774 1626 1815 12
1709 1759 1788 1835 (p.
1867 1775 1942 1832 14
2012 1756 2111 1836 R.)
2207 1758 2585 1832 quoniam

226 1867 528 1924 animas
606 1868 1180 1924 defunctorum
1258 1866 1599 1924 humano
1676 1867 2077 1940 sanguine
2152 1841 2586 1940 propitiari

226 1973 626 2044 cre-'ditum
673 1981 859 2030 erat.

434 2080 802 2154 protelare
851 2079 1101 2137 vetustis
1150 2079 1506 2155 criptoribus
1557 2088 1687 2136 erat
1731 2080 2059 2154 propellere
2090 2079 2180 2135 vel
2212 2068 2587 2153 propulsare,

224 2185 348 2243 Afri
393 2194 595 2242 autem
640 2186 756 2242 hac
800 2203 953 2244 voce
998 2187 1349 2262 plerumque
1395 2187 1685 2244 translato
1740 2203 1920 2244 sensu
1969 2194 2219 2244 utuntur
2279 2185 2381 2262 (ef.
2430 2202 2587 2260 quos

224 2293 391 2350 affert
437 2291 732 2350 Oehlerus
780 2294 860 2350 ad
903 2311 1077 2368 paen.
1130 2295 1215 2368 4.)

432 2399 600 2457 Tert.
651 2401 804 2457 duas
853 2363 1320 2476 significationes
1367 2401 1612 2458 admisit
1671 2399 1735 2477 1)
1794 2423 1881 2452 ετ-
1936 2401 2265 2476 perducere
2311 2401 2402 2456 vel
2448 2416 2587 2476 per-

226 2509 473 2577 trahere,
522 2516 588 2564 ut
632 2526 809 2581 paen.
860 2524 928 2581 4:
976 2508 1170 2565 haec
1218 2516 1287 2565 te
1334 2515 1838 2582 peccatorum
1885 2482 2235 2566 fluctibus
2276 2486 2585 2565 mersum
2663 2508 2672 2516 '

226 2594 637 2688 prolevabit
683 2624 752 2671 et
797 2614 866 2670 in
911 2623 1205 2689 portum
1253 2616 1708 2673 clementiae
1753 2616 2181 2689 protelabit;
2248 2620 2489 2689 spect.
2547 2628 2569 2669 ι

226 2729 304 2778 ut
349 2721 893 2795 ignorantiam
937 2720 1277 2795 protelet
1322 2722 1388 2777 in
1435 2722 1960 2779 occasionem.

442 2826 499 2905 2)
548 2852 636 2880 ---
681 2830 862 2886 vitam
907 2831 1240 2905 producere
1286 2830 1378 2887 vel
1423 2845 1767 2903 prorogare,
1816 2844 1939 2901 quo
1970 2845 2149 2885 sensu
2182 2826 2308 2885 ICti
2341 2844 2582 2901 quoque

225 2934 378 2992 hanc
426 2952 638 2995 vocem
684 2936 1121 3005 adhibuerunt3
1186 2936 1264 2993 cf.
1315 2936 1504 2994 Mare.
1553 2934 1641 2990 IV
1694 2949 1763 2990 21
1824 2936 1947 2991 sed
1994 2942 2331 2991 sescenta
2375 2935 2585 2991 milia

227 3040 622 3097 hominum
668 3044 1118 3116 protelavit.

440 3155 837 3222 satagere,
909 3150 1156 3206 verbum
1223 3150 1508 3224 imprimis
1539 3142 1585 3227 ¹)
1655 3149 1846 3207 Plauti
1908 3148 2231 3223 proprium,
2296 3147 2590 3221 reperitur

232 3256 388 3328 apud
436 3253 601 3312 Tert.
650 3273 824 3329 paen.
876 3253 914 3312 6
962 3256 1090 3312 ille
1137 3257 1440 3332 satagit,
1489 3256 1607 3313 hic
1653 3257 2000 3331 neglegit.

433 3363 748 3436 ruspari
805 3362 1035 3419 redolet
1098 3370 1472 3433 vetustatem,
1537 3382 1682 3420 nam
1740 3369 2090 3437 usurpatum
2146 3369 2276 3418 erat
2342 3360 2462 3417 iam
2509 3362 2591 3417 ab

229 3468 370 3527 Ace.
446 3478 516 3527 tr.
578 3485 726 3543 441.
776 3467 903 3543 489
975 3476 1036 3527 et
1089 3488 1126 3527 a
1186 3478 1386 3527 vetere
1445 3479 1627 3544 poeta
1678 3471 1841 3545 apud
1886 3469 2132 3525 Festum
2191 3487 2249 3542 p.
2307 3465 2451 3541 265.
2504 3482 2585 3540 25

226 3569 396 3651 ‘ego
443 3575 613 3645 ibo,
662 3585 741 3633 ut
787 3576 1157 3633 latebras
1203 3594 1526 3652 ruspans
1574 3568 1835 3634 rimer’.

437 3682 659 3739 Denuo
720 3684 968 3757 emergit
1029 3684 1192 3757 apud
1254 3683 1429 3757 Apul.
1495 3701 1651 3759 mag.
1715 3698 1789 3757 41
1862 3684 1926 3739 si
2018 3691 2374 3740 ventrem
2451 3699 2585 3737 ru·

229 3805 502 3862 sparer
549 3796 609 3845 et
657 3787 823 3846 Tert.
895 3790 1035 3863 pall.
1107 3804 1138 3845 2
1201 3779 1518 3864 ‘Itaque
1586 3791 1812 3866 (gens
1874 3789 2247 3866 humana)
2312 3788 2595 3845 colere

444 4054 484 4120 ¹)
522 4052 586 4107 cf.
625 4052 792 4105 Lucil.
831 4051 894 4106 fr.
934 4052 1042 4105 500
1092 4050 1305 4117 (Baehr.
1358 4052 1486 4122 frag.
1535 4058 1679 4122 poet.
1728 4069 1863 4108 rom.
1913 4070 1965 4122 p.
2006 4052 2137 4118 212)
2191 4052 2587 4123 producunt

522 4142 769 4211 quibus
841 4142 1008 4196 haec
1077 4146 1405 4211 satagant
1476 4142 1773 4210 liberOS,
1854 4143 1953 4197 nbi
2030 4142 2247 4197 codices
2320 4141 2591 4212 praebent

513 4225 852 4285 ‘faciant⁴.

2265 4322 2305 4386 3
