3157 4938
1509 241 1951 306 -24-

552 425 672 482 fere
719 425 882 482 nulla
927 433 1160 500 reperta
1207 433 1365 494 sunt,
1414 444 1486 481 ex
1533 427 1749 498 quibus
1800 425 1956 482 effici
1999 427 2209 500 possit,
2258 435 2531 484 nostrum
2575 428 2656 484 ad
2687 427 2912 502 Apulei

550 534 731 589 libros
794 533 1060 589 alludere
1121 542 1226 588 aut
1286 531 1535 588 omnino
1598 550 1703 588 eos
1774 533 2032 589 novisse.
2146 531 2225 589 Et
2293 534 2607 590 verborum
2670 534 2919 591 illorum

550 657 770 713 magna
814 657 950 714 pars
999 649 1160 696 certe
1192 638 1351 695 Afris
1381 638 1725 696 hominibus
1768 639 1924 696 illius
1972 640 2184 696 aetatis
2229 641 2294 696 in
2338 657 2453 697 usu
2500 641 2626 708 fuit,
2676 642 2918 698 etiamsi

550 746 712 820 apud
779 747 928 803 alios
1000 748 1316 820 scriptores
1389 745 1633 803 fortuito
1702 762 1829 802 non
1890 746 2437 820 deprehenduntur.
2546 745 2918 805 Universum

551 861 752 909 autem
798 854 1136 910 aestimanti
1183 870 1387 910 nonne
1433 853 1717 909 credibile
1762 861 1942 927 atque
1981 855 2296 910 verisimile
2326 862 2421 911 est
2450 853 2914 924 Tertullianum,

553 976 855 1016 severum=
881 959 1047 1016 illum
1108 961 1458 1034 magistrum
1527 977 1781 1028 morum,
1852 959 2191 1034 Apuleium,
2262 961 2548 1018 lascivum
2616 963 2783 1018 illum
2853 971 2917 1018 et

550 1067 918 1140 petulantem
963 1065 1280 1136 rhetorem,
1326 1083 1569 1141 prorsus
1618 1063 1953 1141 sprevisse?

767 1173 888 1230 Sed
935 1173 1247 1247 hucusque
1293 1174 1372 1230 de
1418 1173 1687 1248 Vergilio
1735 1183 1795 1230 et
1840 1173 2121 1248 Apuleio,

766 1279 942 1337 Nunc
987 1283 1068 1337 ad
1115 1290 1448 1337 ceterorum
1495 1281 1852 1356 scriptorum
1910 1282 2247 1338 mentiones
2295 1283 2487 1339 veni0.
2598 1281 2718 1338 Sed
2767 1299 2914 1338 cum

554 1385 712 1442 hanc
759 1405 880 1443 rem
934 1387 1121 1444 fusius
1169 1405 1468 1462 exponere
1525 1388 1601 1443 ab
1649 1387 1768 1444 hoc
1814 1389 1950 1445 loco
1997 1389 2260 1444 alienum
2306 1390 2401 1458 sit,
2465 1389 2608 1445 satis
2671 1388 2915 1446 habebo

555 1494 872 1567 scriptores
921 1493 1157 1551 latinos.
1182 1495 1484 1568 graviores
1531 1512 1901 1565 enumerare,
1966 1495 2066 1569 qui
2127 1513 2164 1551 a
2211 1483 2584 1553 Tertulliano
2644 1513 2914 1552 comme—

555 1609 864 1657 morantur
957 1601 1048 1658 vel
1126 1602 1399 1671 citantur,
1480 1610 1546 1658 ut
1621 1603 2032 1677 perspiciatur,
2126 1610 2415 1676 quantum
2491 1603 2701 1660 notitia
2755 1603 2915 1660 illius

556 1707 882 1764 litterarum
929 1709 1340 1766 Romanarum
1384 1710 1642 1783 patuerit
1688 1717 2097 1783 quantumque
2127 1727 2200 1766 ex
2232 1710 2318 1765 eis
2350 1711 2609 1766 mutuari
2632 1711 2916 1783 potuerit.

770 1830 909 1888 Non
969 1849 1164 1888 errare
1223 1850 1321 1888 me
1381 1842 1528 1908 puto
1591 1835 1869 1909 opinatus
1918 1833 2359 1891 Tertullianum
2421 1842 2486 1890 ut
2540 1833 2917 1891 laudatorem

558 1939 722 1994 vitae·
781 1938 1063 2012 simplicis
1133 1949 1192 1995 et
1267 1941 1689 2014 castigatorem
1765 1949 2103 2014 temporum
2164 1945 2470 2012 'novorum
2546 1941 2916 2013 antiquiores

559 2045 876 2118 scriptores
924 2045 1356 2102 recentioribus
1404 2047 1776 2129 praetulisse.
1840 2046 1995 2104 Nam
2043 2064 2182 2104 cum
2212 2055 2422 2121 poetas
2454 2064 2671 2104 aureae
2700 2048 2915 2104 aetatis

553 2152 802 2208 omnino
867 2153 1158 2226 sprevisse
1231 2153 1516 2221 videatur,
1588 2154 1756 2226 quod
1822 2162 2055 2227 praeter
2116 2152 2447 2227 Vergilium
2512 2162 2572 2209 et
2631 2151 2917 2210 Ovidium

555 2252 710 2334 (Val.
772 2273 793 2313 1
813 2273 844 2313 2
895 2256 978 2334 in)
1029 2259 1258 2316 nullum
1304 2261 1595 2329 nominat,
1645 2261 2036 2317 vetustiorum
2080 2262 2309 2316 mentio
2340 2260 2654 2333 aliquoties
2702 2261 2918 2317 saltem

552 2367 828 2424 occurrit..
921 2365 1165 2436 Eorum,
1216 2367 1316 2440 qui
1364 2366 1482 2422 huc
1527 2368 1844 2440 pertinent,
1894 2385 2112 2441 agmen
2168 2367 2351 2423 ducat
2398 2363 2631 2443 Εηηίυε,
2681 2368 2782 2441 qui
2816 2368 2915 2423 bis

553 2473 800 2529 citatur:

769 2598 832 2653 ,p
854 2581 1096 2637 rimus
1145 2599 1182 2637 0
1205 2583 1490 2638 mnium
1535 2580 1877 2649 Ennius;
1926 2589 2161 2655 poeta
2218 2581 2652 2649 RomanuS,
2718 2580 2913 2638 Coe-

551 2687 841 2743 nacula
886 2690 1220 2746 maxima
1268 2690 1498 2757 caeli,
1549 2690 1979 2762 simpliciter
2024 2689 2617 2763 pronuntiavit‘
2654 2686 2803 2744 Val.
2838 2702 2869 2761 7
2896 2706 2910 2757 ;

769 2788 1097 2868 ‚pavum‘
1133 2814 1205 2852 se
1266 2797 1620 2852 meminit
1689 2794 1877 2854 Hom
1900 2814 2071 2853 erus
2133 2796 2392 2852 Ennio
2457 2797 2915 2852 somniante

552 2919 672 2957 an.
723 2916 827 2973 33.

767 3023 1004 3087 Pacuvii
1053 3028 1274 3084 deinde
1321 3046 1558 3085 versum
1604 3029 1777 3086 affert
1824 3030 1902 3085 de
1948 3029 2087 3104 pall.
2142 3043 2207 3101 3:

763 3132 1229 3207 Quadrupes
1279 3136 1783 3209 tardigrada,
1832 3137 2215 3209 agrestis,
2265 3135 2605 3204 humiliS,
2654 3153 2915 3210 aspera

553 3230 667 3317 (se.
717 3234 1004 3320 testudo).

762 3370 1070 3435 Lueretius
1127 3376 1216 3431 bis
1280 3378 1510 3446 citatur,
1588 3380 1845 3452 primum
1906 3365 1984 3433 an
2046 3390 2116 3449 5:
2212 3380 2513 3452 tangere
2584 3378 2773 3435 enim
2846 3386 2914 3435 et

552 3483 782 3554 tangi,
825 3483 970 3538 nisi
1005 3500 1296 3556 corpuS‚
1343 3485 1540 3541 nulla
1570 3492 1814 3558 potest
1846 3475 1977 3540 res'
2031 3477 2194 3563 (rer.
2241 3494 2382 3542 nat.
2417 3484 2446 3540 I
2480 3482 2653 3559 305),
2702 3486 2915 3541 iterum

551 3586 765 3644 Mare.
823 3587 910 3642 IV
955 3586 990 3644 8
1043 3582 1230 3669 (idem
1276 3591 1529 3660 versus).
2460 3576 2465 3579 ¹

758 3719 1108 3800 iuvenalem,
1172 3733 1232 3780 et
1292 3727 1489 3799 ipsum
1545 3726 1967 3798 castigatorem
2026 3738 2279 3793 morum,
2323 3727 2706 3801 ‚nominatim
2768 3745 2913 3783 nus-

551 3845 732 3901 quam
777 3831 992 3888 afferre
1033 3832 1282 3897 videtur,
1331 3834 1441 3888 sed
1488 3829 1627 3888 cum
1672 3831 1908 3888 initium
1954 3831 2085 3888 libri
2143 3833 2222 3888 de
2268 3833 2555 3906 pudicitia
2602 3834 2911 3902 scriberet,

549 3936 713 3993 haud
759 3938 941 3995 dubie
987 3940 1049 3995 in
1094 3947 1295 3995 mente
1352 3938 1613 3995 habebat
1664 3939 2022 4011 principium
2080 3940 2297 3995 satirae
2345 3946 2549 3996 sextae
2597 3938 2913 4009 Iuvenalis,

551 4044 614 4099 in
668 4061 786 4118 qua
840 4046 1046 4103 itidem
1100 4048 1178 4103 de
1231 4047 1522 4121 pudicitia
1582 4046 1672 4101 vel
1734 4046 2107 4121 impudicitia
2168 4047 2379 4121 agitur.
2496 4044 2696 4103 Etiam
2768 4048 2909 4105 alibi

548 4160 752 4208 noster
797 4152 961 4208 haud
1008 4170 1140 4209 raro
1188 4154 1668 4227 indignationem
1714 4152 2166 4213 Iuvenalianam
2211 4154 2528 4211 affectavit.
