3157 4938
1555 280 1997 344 -16-

796 456 958 537 capit
1022 479 1072 517 e.
1136 462 1240 518 inf.
1310 464 1398 517 vel
1464 479 1593 519 ace.
1659 480 1712 519 c.
1760 463 1864 519 inf.
1901 471 1994 519 est
2024 480 2308 536 graecum
2360 453 2713 539 ἐνδέχεται
2771 471 2841 520 et
2886 463 3010 520 hoc

598 586 779 625 sensu
826 570 1158 625 admodum
1206 568 1493 625 familiare
1538 578 1768 627 nostro,

799 676 938 731 sed
984 676 1177 732 haec
1224 678 1662 733 aestimare
1709 695 1862 733 non
1910 678 2133 751 capit
2180 678 2363 735 cult.
2415 676 2640 746 f.12;

796 801 938 839 nec
987 784 1207 856 capit
1252 785 1652 841 numerari
1700 785 1908 857 quod
1963 802 2121 841 non
2177 784 2517 841 habetur
2573 786 2818 859 bapt.
2887 801 3004 858 153

797 892 1017 965 capit
1062 892 1336 965 itaque
1383 900 1459 947 et
1508 892 1901 949 facturam
1948 894 2428 965 provenisse
2477 881 2751 969 (inesse'
2801 893 3007 949 editio

596 995 895 1073 Gangnei)
946 999 1137 1071 poni
1184 1016 1298 1055 an.
1349 1015 1425 1072 43

796 1103 945 1160 hoc
994 1106 1203 1177 quod
1265 1113 1386 1162 est
1442 1106 1667 1162 deum
1725 1094 2144 1161 aestimari
2209 1106 2437 1175 facit,
2485 1107 2666 1162 dum
2723 1108 3002 1163 aesti-

588 1212 785 1268 mari
832 1229 987 1267 non
1036 1214 1255 1286 capit
1301 1212 1503 1286 apol.
1564 1224 1676 1285 17;

797 1336 955 1375 non
1018 1321 1234 1393 capit
1298 1320 1647 1376 animale
1713 1335 2003 1393 corpus
2067 1318 2232 1375 dici
2306 1326 2440 1375 aut
2509 1320 3000 1377 inanimale

588 1427 796 1500 quod
844 1433 968 1482 est
1016 1427 1276 1482 anima
1322 1444 1433 1482 an.
1485 1424 1558 1495 6;

788 1552 943 1589 non
992 1534 1210 1606 capit
1256 1533 1535 1607 utique
1584 1533 1846 1589 videri
1893 1534 2088 1589 deus
2136 1534 2232 1589 ad
2279 1532 2522 1591 nat.II
2557 1548 2630 1605 33

798 1641 1017 1713 capit
1080 1640 1319 1697 etiam
1392 1641 1817 1715 imaginem
1897 1641 2243 1713 spiritus
2315 1641 2593 1697 dicere
2667 1642 2988 1700 flatum

586 1746 821 1803 Mare.
873 1746 1035 1818 1193

795 1872 893 1910 an
970 1855 1246 1929 capiat
1336 1855 1833 1928 paracletum
1919 1854 2239 1927 aliquid
2315 1856 2477 1911 tale
2556 1855 2988 1913 docuisse

586 1979 891 2036 monog.
948 1978 1011 2031 2;

795 2070 1017 2125 illam
1062 2070 1313 2142 magis
1362 2069 1734 2126 excusari
1782 2070 2002 2142 capit
2047 2070 2355 2143 monog.
2414 2067 2517 2138 153

793 2184 867 2232 et
913 2194 1247 2251 agonem
1293 2176 1675 2251 intellegi
1723 2178 1942 2250 capit
1979 2177 2629 2251 persecutionem
2673 2176 2868 2251 fuga
2912 2191 2974 2243 1;

797 2286 996 2341 talia
1052 2285 1272 2359 capit
1328 2284 1649 2359 opinari
1709 2302 1844 2341 eos
1907 2284 2038 2358 qui
2085 2327 2102 2342 .
2154 2326 2168 2341 .
2221 2328 2234 2341 .
2284 2302 2635 2359 praescr.
2689 2302 2791 2359 44
2847 2300 2969 2350 ex,·

790 2394 1040 2449 multo
1100 2393 1348 2466 magis
1415 2410 1569 2448 non
1646 2392 1866 2465 capit
1943 2392 2120 2448 sine
2196 2392 2441 2449 initio
2519 2393 2967 2467 quicquam

586 2501 845 2557 fuisse
892 2498 1253 2574 Hermog.
1314 2499 1426 2568 18;

792 2624 949 2663 non
995 2607 1216 2688 capi-t
1262 2607 1633 2664 diversas
1683 2606 1939 2664 fuisse
1989 2602 2379 2684 (species)
2425 2601 2799 2682 Hermog.
2843 2619 2961 2678 32;

795 2711 1122 2792 (terram
1184 2724 1578 2792 sanctam‘
1642 2732 1866 2789 quam
1929 2723 2004 2771 et
2065 2723 2376 2788 patrum
2445 2715 2609 2771 dici
2674 2715 2961 2788 capiat

584 2839 725 2883 res,
774 2840 922 2880 car.
977 2820 1055 2878 26
1105 2839 1230 2890 ex3

792 2940 873 2986 ut
934 2962 1024 2972 --
1091 2929 1203 2985 ita
1279 2929 1551 3002 capiat
1629 2929 2044 2985 secundus
2123 2946 2160 2984 a
2221 2930 2365 2984 deo
2429 2929 2958 2986 constitutus

584 3039 793 3093 duos
842 3036 1195 3092 efficere
1240 3034 1457 3092 Prax.
1512 3048 1583 3110 73

792 3146 1048 3202 anima
1094 3117 1509 3200 nascendo
1556 3152 1632 3200 et
1676 3161 1811 3216 per
1857 3144 2193 3201 animam
2226 3143 2571 3199 vivendo
2614 3140 2953 3199 animale

584 3251 742 3308 dici
790 3252 1067 3326 capiat
1112 3251 1345 3307 Marc.
1396 3249 1453 3304 V
1497 3265 1573 3307 10
1625 3247 1702 3328 (p.
1753 3265 1878 3323 304
1923 3248 2024 3326 O.)

632 3347 637 3350 ¹
794 3359 1009 3432 capit
1055 3366 1133 3414 et
1175 3358 1594 3432 indulgeri
1640 3359 1867 3431 quasi
1914 3358 2232 3414 modica
2277 3358 2431 3431 pud
2491 3372 2558 3425 1;

796 3462 1123 3542 (sermo)
1174 3482 1395 3538 quem
1444 3467 1507 3521 si
1555 3483 1711 3522 non
1758 3465 1979 3539 capit
2021 3464 2532 3539 configurari
2578 3464 2780 3521 Prax.
2832 3473 2944 3532 27;

792 3573 870 3629 id
962 3573 1165 3629 enim
1270 3573 1653 3646 intellegi
1755 3573 1876 3629 vel
1978 3590 2134 3630 non
2234 3572 2620 3646 intellegi
2721 3569 2940 3642 capit

584 3679 813 3738 Marc.
863 3678 946 3734 III
996 3677 1055 3736 6.

794 3780 1126 3862 subiacetl)
1176 3804 1227 3847 c,
1278 3787 1384 3844 inf.
1432 3788 1630 3844 reddit
1675 3804 1960 3861 graecum
2005 3775 2369 3842 ὑπόκειταιτ
3091 3851 3093 3902 ¹

3090 3903 3093 3974 l

3091 4027 3093 4125 l

802 4034 844 4098 l)
881 4035 1223 4088 enuntiatum
1262 4033 1708 4102 interrogativum
1746 4031 2012 4100 sequitur:

880 4126 1110 4194 palam
1192 4123 1528 4176 subiacet
1592 4125 1854 4192 quanta
1917 4137 1950 4174 a
2006 4120 2396 4173 maioribus
2469 4112 2933 4172 mutaveritis

870 4219 1015 4268 nat.
1054 4215 1075 4266 I
1117 4213 1197 4266 10.
