3157 4938
1186 282 1628 347 „23-

203 469 555 525 litterarum
617 467 944 541 priscarum
1013 467 1362 540 fragmenta,
1425 484 1578 539 quae
1643 469 1722 523 ad
1784 485 1896 524 nos
1960 477 2374 541 pervenerunt,
2442 486 2584 524 casu

202 575 437 631 infelici
490 576 627 631 illas
676 591 852 629 voces
903 593 1025 630 non
1075 575 1402 630 continent.

429 680 742 736 Accurate
802 681 983 753 igitur
1042 683 1196 736 inter
1258 680 1624 766 archaismos
1682 689 1742 737 et
1803 682 2215 738 africanismos
2280 683 2372 738 vel
2435 681 2587 738 inter

200 807 291 856 ea,
361 805 532 860 quae
594 789 925 860 priscorum
973 796 1031 843 et
1079 806 1167 853 ea,
1234 805 1386 860 quae
1433 788 1713 844 Afrorum
1776 790 2015 862 propria
2076 797 2261 856 erant,
2328 791 2583 844 discerni

199 897 436 967 nequit.
542 893 940 949 Nihilominus
989 895 1050 948 in
1098 893 1214 948 hoc
1264 895 1459 966 capite
1517 912 1587 948 ex
1640 895 1799 950 libris
1848 894 2270 950 Tertullianeis
2320 914 2389 951 ea
2438 914 2583 951 enu-

197 1003 477 1068 merab0‚
551 1019 704 1073 quae
752 1019 888 1056 cum
945 1001 1064 1055 veri
1115 1000 1500 1056 similitudine
1547 1002 1625 1056 ad
1674 1002 1928 1074 priscam
1976 1002 2329 1057 latinitatem
2378 1003 2579 1058 referri

201 1115 495 1182 possunt.
2251 1093 2258 1100 ’

427 1215 712 1270 Antehac
759 1222 958 1269 autem
1004 1231 1203 1268 meum
1251 1222 1342 1268 est
1388 1215 1641 1269 breviter
1697 1215 1773 1268 de
1823 1212 2176 1270 Tertulliani
2236 1216 2445 1271 studiis
2494 1216 2584 1270 vel

201 1321 424 1376 notitia
461 1325 825 1394 scriptorum
859 1337 1242 1375 romanorum
1276 1337 1484 1393 agere;
1537 1327 1825 1392 quantum
1874 1323 2033 1376 enim
2068 1323 2165 1376 ille
2198 1322 2585 1394 scriptoribus

203 1427 334 1482 aliis
386 1428 806 1502 imprimisque
837 1429 1219 1483 veterioribus
1253 1428 1487 1494 debeat,
1539 1427 1736 1483 adhuc
1780 1428 2051 1484 nondum
2085 1429 2443 1501 explicatum
2476 1437 2583 1483 est.

423 1534 528 1590 De
579 1534 720 1590 solis
770 1525 1021 1610 Vergilii
1076 1542 1135 1588 et
1195 1531 1392 1610 Apulei
1457 1534 1621 1606 apud
1679 1532 2117 1590 Tertullianum
2180 1535 2586 1590 mentionibus

203 1658 405 1712 pauca
454 1642 642 1698 verba
691 1641 829 1697 fecit
875 1659 990 1696 van
1039 1643 1146 1696 der
1193 1639 1353 1695 Vliet
1402 1641 1464 1695 in
1513 1641 1726 1696 studiis
1776 1642 2197 1697 ecclesiasticis
2243 1639 2271 1694 Ι
2305 1659 2363 1714 p.
2403 1655 2439 1711 q
2476 1657 2584 1712 sq„

205 1749 641 1818 quaestionem
687 1748 1052 1804 adumbrans
1101 1750 1290 1820 magis
1341 1765 1518 1819 quam
1566 1749 1903 1803 absolvens,
2000 1749 2197 1819 Atque
2229 1749 2306 1802 de
2338 1747 2586 1820 Vergilii

204 1853 456 1924 quidem
492 1857 1067 1910 commemoratione
1100 1856 1277 1909 dicit:
1331 1854 1402 1921 ,A
1422 1862 1721 1913 ttamen
1754 1873 1845 1910 ne
1877 1855 2250 1910 horridus
2285 1855 2586 1926 quidem

207 1960 342 2015 ille
390 1968 709 2034 poetam
755 1961 1284 2044 Romanorum
1326 1957 1821 2016 ‘laureatum'
1892 1962 2211 2016 omnino
2262 1962 2581 2033 spernit,

210 2081 432 2137 quem
520 2066 689 2122 fere
760 2069 1011 2123 solum
1075 2069 1302 2132 citat,
1385 2085 1639 2139 neque
1716 2069 1794 2123 id
1859 2069 1999 2124 nisi
2070 2069 2583 2141 paucissimis

210 2173 454 2242 lociS,
547 2189 715 2230 cum
790 2171 1201 2230 Lactantii
1295 2192 1535 2247 opera
1616 2173 2115 2248 Vergilianis
2204 2180 2580 2230 scateant‘.

211 2278 371 2336 Tum
421 2299 534 2336 sex
577 2281 748 2358 slocos
797 2282 983 2350 affert,
1033 2284 1096 2337 in
1143 2283 1356 2354 quibus
1404 2299 1610 2337 versus
1660 2281 1989 2354 Vergiliani
2036 2284 2294 2337 citantur
2342 2288 2585 2336 auctore

210 2405 334 2444 non
371 2389 732 2456 nominato,
767 2396 944 2460 atque
976 2391 1058 2444 ita
1089 2390 1308 2462 pergit:
1359 2387 1591 2457 ,Haec
1640 2391 1902 2458 omnia,
1954 2405 2127 2444 sane
2172 2389 2585 2453 notissima,

213 2498 384 2552 sine
463 2504 758 2570 poetae
836 2499 1126 2552 nomine
1203 2498 1471 2553 adlata
1549 2504 1741 2565 sunt,
1823 2514 2044 2569 quem
2114 2497 2225 2552 bis
2305 2503 2586 2552 tantum

216 2604 554 2660 citando
612 2604 1076 2658 nominatim
1140 2604 1574 2658 indicavit‘.
1686 2602 1780 2657 De
1836 2604 2070 2675 Apuleii
2128 2612 2328 2659 autem
2384 2620 2583 2658 recor—

215 2710 461 2767 datione
536 2710 698 2764 idem
762 2710 846 2763 vir
909 2711 1125 2764 doctus
1197 2710 1345 2764 haec
1414 2710 1678 2765 disserit:
1763 2707 1941 2777 ,Vix
2025 2710 2210 2765 fieri
2274 2718 2583 2783 potest,

217 2819 404 2887 quin
439 2817 944 2873 Tertulliani
993 2817 1289 2872 lectori
1336 2818 1411 2871 in
1461 2824 1802 2871 mentem
1848 2817 2123 2872 veniat
2171 2833 2583 2889 quaerere,

218 2923 519 2996 legerit
581 2925 1006 2979 noveritne
1069 2933 1351 2979 auctor
1435 2924 1734 2995 scripta
1817 2924 2235 2997 popularis
2314 2931 2587 2979 aetate

220 3031 368 3086 sibi
431 3032 1055 3097 antecedentiS‚
1122 3030 1424 3103 Apulei.
1537 3028 1766 3098 Quod
1830 3039 1913 3085 ut
1974 3049 2109 3104 per
2179 3048 2257 3086 se
2327 3031 2587 3102 ipsum

221 3139 420 3193 satis
472 3138 962 3204 verisimile,
1025 3138 1142 3191 sic
1207 3138 1302 3191 ad
1347 3137 1847 3209 probandum
1903 3138 2110 3193 haud
2165 3140 2279 3192 ita
2343 3136 2587 3191 facile

221 3250 386 3299 est‘.
487 3243 562 3297 Et
607 3242 790 3299 infra:
844 3243 1321 3316 ,Praecipue
1369 3246 1444 3299 in
1495 3245 1701 3300 libro
1749 3245 1839 3298 de
1888 3246 2165 3318 pallio,
2229 3246 2316 3300 ad
2365 3261 2587 3316 quem

223 3351 458 3406 etiam
579 3353 1003 3423 superiora
1119 3351 1703 3407 similitudinis
1822 3370 1991 3407 cum
2098 3352 2585 3425 Apuleianis

223 3459 572 3533 vestigia
604 3460 863 3514 omnia
895 3459 1344 3531 pertinent,
1395 3460 1640 3514 multa
1667 3459 2178 3515 Floridorum
2211 3469 2587 3516 auctorem

224 3563 298 3619 in
393 3567 848 3623 memoriam
935 3575 1367 3622 revocant:
1463 3568 1902 3621 universus
1997 3566 2268 3621 libelli
2350 3568 2587 3623 »color

226 3680 628 3746 tenorque
704 3674 1172 3728 rhetoricae
1250 3672 1524 3746 potius
1609 3666 2010 3745 ἐπιδείξει
2088 3690 2307 3745 quam
2387 3674 2587 3733 fidei

229 3784 710 3856 apologetae
758 3788 1234 3853 congruunt.
1301 3779 1559 3836 Nimio
1611 3798 1754 3836 nec
1803 3798 1955 3835 non
2001 3780 2586 3839 artificiosiore

231 3899 509 3945 ornatu
576 3894 958 3945 oneratur
1028 3888 1276 3961 magis
1349 3896 1420 3943 et
1490 3888 1976 3943 obscuratur
2048 3905 2273 3960 quam
2341 3892 2583 3945 (leco—

230 4003 493 4053 ratur‘.
589 3995 953 4067 Ceteroquin
1001 3998 1128 4051 iure
1175 3996 1474 4061 miramur,
1526 4012 1705 4067 quam
1739 3996 1952 4067 exigua
1985 4003 2043 4049 et
2075 3997 2302 4051 incerta
2334 3998 2588 4071 vestigia

231 4102 555 4175 Apuleiana
600 4106 663 4159 in
710 4105 869 4159 libris
922 4102 1275 4159 Tertulliani
1325 4104 1460 4169 sint,
1519 4120 1660 4157 nam
1718 4112 1949 4173 praeter
2006 4104 2295 4159 vocabula
2362 4105 2586 4177 aliquot

234 4213 459 4283 utrique
508 4213 868 4279 communia,
921 4228 1072 4283 quae
1120 4212 1272 4266 infra
1321 4210 1867 4277 enumerabuntur‚-
1914 4209 2111 4265 adhuc
2173 4229 2470 4284 perpauca
2529 4221 2588 4267 et
