<?xml version="1.0" encoding="UTF-8"?>
<!DOCTYPE html PUBLIC "-//W3C//DTD XHTML 1.0 Transitional//EN"
    "http://www.w3.org/TR/xhtml1/DTD/xhtml1-transitional.dtd">
<html xmlns="http://www.w3.org/1999/xhtml" xml:lang="en" lang="en">
 <head>
  <title>
</title>
<meta http-equiv="Content-Type" content="text/html;charset=utf-8" />
  <meta name='ocr-system' content='tesseract 3.04.00' />
  <meta name='ocr-capabilities' content='ocr_page ocr_carea ocr_par ocr_line ocrx_word'/>
</head>
<body>
  <div class='ocr_page' id='page_1' title='image "./desermonetertul01hoppgoog_0019.png"; bbox 0 0 3157 4938; ppageno 0'>
   <div class='ocr_carea' id='block_1_1' title="bbox 1597 292 2040 356">
    <p class='ocr_par' dir='ltr' id='par_1_1' title="bbox 1597 292 2040 356">
     <span class='ocr_line' id='line_1_1' title="bbox 1597 292 2040 356; baseline -0.005 -15"><span class='ocrx_word' id='word_1_1' title='bbox 1597 292 2040 356; x_wconf 77' lang='lat'>—14-</span> 
     </span>
    </p>
   </div>
   <div class='ocr_carea' id='block_1_2' title="bbox 633 472 3054 662">
    <p class='ocr_par' dir='ltr' id='par_1_2' title="bbox 633 472 3054 662">
     <span class='ocr_line' id='line_1_2' title="bbox 852 472 3054 553; baseline -0.004 -15"><span class='ocrx_word' id='word_1_2' title='bbox 852 472 1150 538; x_wconf 59' lang='lat' dir='ltr'>§afluere</span> <span class='ocrx_word' id='word_1_3' title='bbox 1251 494 1306 534; x_wconf 91' lang='lat' dir='ltr'>e.</span> <span class='ocrx_word' id='word_1_4' title='bbox 1395 484 1546 553; x_wconf 89' lang='lat' dir='ltr'>part.</span> <span class='ocrx_word' id='word_1_5' title='bbox 1650 476 1973 551; x_wconf 86' lang='lat' dir='ltr'>assumpsit</span> <span class='ocrx_word' id='word_1_6' title='bbox 2074 483 2435 534; x_wconf 85' lang='lat' dir='ltr'>structuram</span> <span class='ocrx_word' id='word_1_7' title='bbox 2534 475 2774 549; x_wconf 84' lang='lat' dir='ltr'>graeci</span> <span class='ocrx_word' id='word_1_8' title='bbox 2886 474 3054 531; x_wconf 90' lang='lat' dir='ltr'>verbi</span> 
     </span>
     <span class='ocr_line' id='line_1_3' title="bbox 633 573 2736 662; baseline 0 -23"><span class='ocrx_word' id='word_1_9' title='bbox 633 573 1027 662; x_wconf 75' lang='grc' dir='ltr'><strong><em>ἀνέχεσθαι,</em></strong></span> <span class='ocrx_word' id='word_1_10' title='bbox 1074 583 1176 641; x_wconf 93' lang='lat' dir='ltr'>ubi</span> <span class='ocrx_word' id='word_1_11' title='bbox 1223 583 1634 641; x_wconf 88' lang='lat' dir='ltr'>accusativum</span> <span class='ocrx_word' id='word_1_12' title='bbox 1681 600 1820 640; x_wconf 91' lang='lat' dir='ltr'>cum</span> <span class='ocrx_word' id='word_1_13' title='bbox 1864 582 2159 640; x_wconf 88' lang='lat' dir='ltr'>infinitivo</span> <span class='ocrx_word' id='word_1_14' title='bbox 2205 589 2736 658; x_wconf 78' lang='lat' dir='ltr'>exspectaremus·</span> 
     </span>
    </p>
   </div>
   <div class='ocr_carea' id='block_1_3' title="bbox 774 708 3054 888">
    <p class='ocr_par' dir='ltr' id='par_1_3' title="bbox 774 708 3054 888">
     <span class='ocr_line' id='line_1_4' title="bbox 852 708 3054 783; baseline -0.001 -18"><span class='ocrx_word' id='word_1_15' title='bbox 852 710 983 782; x_wconf 90' lang='lat' dir='ltr'>qui</span> <span class='ocrx_word' id='word_1_16' title='bbox 1030 726 1119 767; x_wconf 91' lang='lat' dir='ltr'>ne</span> <span class='ocrx_word' id='word_1_17' title='bbox 1163 727 1425 767; x_wconf 90' lang='lat' dir='ltr'>muros</span> <span class='ocrx_word' id='word_1_18' title='bbox 1472 708 1795 783; x_wconf 89' lang='lat' dir='ltr'>quidem</span> <span class='ocrx_word' id='word_1_19' title='bbox 1856 709 1934 766; x_wconf 88' lang='lat' dir='ltr'>in</span> <span class='ocrx_word' id='word_1_20' title='bbox 1995 708 2458 768; x_wconf 89' lang='lat' dir='ltr'>cubiculum</span> <span class='ocrx_word' id='word_1_21' title='bbox 2518 708 3054 782; x_wconf 65' lang='lat' dir='ltr'>inrepentes</span> 
     </span>
     <span class='ocr_line' id='line_1_5' title="bbox 774 814 1693 888; baseline -0.001 -16"><span class='ocrx_word' id='word_1_22' title='bbox 774 857 789 883; x_wconf 84' lang='lat'>‚</span> <span class='ocrx_word' id='word_1_23' title='bbox 839 816 1312 873; x_wconf 90' lang='lat' dir='ltr'>sustinebat</span> <span class='ocrx_word' id='word_1_24' title='bbox 1356 824 1507 873; x_wconf 92' lang='lat' dir='ltr'>nat.</span> <span class='ocrx_word' id='word_1_25' title='bbox 1558 814 1693 888; x_wconf 82' lang='lat'>143</span> 
     </span>
    </p>
   </div>
   <div class='ocr_carea' id='block_1_4' title="bbox 634 938 3053 1120">
    <p class='ocr_par' dir='ltr' id='par_1_4' title="bbox 634 938 3053 1120">
     <span class='ocr_line' id='line_1_6' title="bbox 854 938 3053 1015; baseline 0 -20"><span class='ocrx_word' id='word_1_26' title='bbox 854 956 1073 996; x_wconf 88' lang='lat' dir='ltr'>nemo</span> <span class='ocrx_word' id='word_1_27' title='bbox 1161 948 1236 997; x_wconf 90' lang='lat' dir='ltr'>te</span> <span class='ocrx_word' id='word_1_28' title='bbox 1341 939 1798 998; x_wconf 84' lang='lat' dir='ltr'>sustinebit</span> <span class='ocrx_word' id='word_1_29' title='bbox 1888 939 2606 1015; x_wconf 86' lang='lat' dir='ltr'>improvidentiam</span> <span class='ocrx_word' id='word_1_30' title='bbox 2719 938 3053 997; x_wconf 84' lang='lat' dir='ltr'>adscri-</span> 
     </span>
     <span class='ocr_line' id='line_1_7' title="bbox 634 1045 1696 1120; baseline 0.003 -19"><span class='ocrx_word' id='word_1_31' title='bbox 634 1046 958 1102; x_wconf 89' lang='lat' dir='ltr'>bentem</span> <span class='ocrx_word' id='word_1_32' title='bbox 1005 1047 1154 1103; x_wconf 90' lang='lat' dir='ltr'>deo</span> <span class='ocrx_word' id='word_1_33' title='bbox 1200 1047 1439 1104; x_wconf 91' lang='lat' dir='ltr'>Marc.</span> <span class='ocrx_word' id='word_1_34' title='bbox 1486 1045 1545 1103; x_wconf 89' lang='lat'>11</span> <span class='ocrx_word' id='word_1_35' title='bbox 1581 1062 1696 1120; x_wconf 83' lang='lat'>243</span> 
     </span>
    </p>
   </div>
   <div class='ocr_carea' id='block_1_5' title="bbox 584 1170 3051 1378">
    <p class='ocr_par' dir='ltr' id='par_1_5' title="bbox 584 1170 3051 1378">
     <span class='ocr_line' id='line_1_8' title="bbox 584 1170 3051 1247; baseline 0 -20"><span class='ocrx_word' id='word_1_36' title='bbox 584 1236 595 1247; x_wconf 49' lang='grc'><em>,</em></span> <span class='ocrx_word' id='word_1_37' title='bbox 851 1188 944 1227; x_wconf 87' lang='lat' dir='ltr'>ne</span> <span class='ocrx_word' id='word_1_38' title='bbox 989 1171 1217 1229; x_wconf 91' lang='lat' dir='ltr'>illum</span> <span class='ocrx_word' id='word_1_39' title='bbox 1262 1172 1583 1246; x_wconf 90' lang='lat' dir='ltr'>quidem</span> <span class='ocrx_word' id='word_1_40' title='bbox 1631 1179 1786 1229; x_wconf 91' lang='lat' dir='ltr'>tam</span> <span class='ocrx_word' id='word_1_41' title='bbox 1831 1172 1966 1229; x_wconf 88' lang='lat' dir='ltr'>diu</span> <span class='ocrx_word' id='word_1_42' title='bbox 2012 1172 2517 1229; x_wconf 87' lang='lat' dir='ltr'>saevientem</span> <span class='ocrx_word' id='word_1_43' title='bbox 2551 1170 3051 1229; x_wconf 86' lang='lat' dir='ltr'>sustinuisse</span> 
     </span>
     <span class='ocr_line' id='line_1_9' title="bbox 633 1274 1626 1378; baseline -0.002 -43"><span class='ocrx_word' id='word_1_44' title='bbox 633 1274 748 1355; x_wconf 79' lang='lat' dir='ltr'>(se.</span> <span class='ocrx_word' id='word_1_45' title='bbox 800 1276 1112 1378; x_wconf 73' lang='lat' dir='ltr'>debuerat)</span> <span class='ocrx_word' id='word_1_46' title='bbox 1160 1278 1393 1337; x_wconf 88' lang='lat' dir='ltr'>Marc.</span> <span class='ocrx_word' id='word_1_47' title='bbox 1441 1278 1626 1353; x_wconf 90' lang='lat'>1114;</span> 
     </span>
    </p>
   </div>
   <div class='ocr_carea' id='block_1_6' title="bbox 630 1403 3050 1580">
    <p class='ocr_par' dir='ltr' id='par_1_6' title="bbox 630 1403 3050 1580">
     <span class='ocr_line' id='line_1_10' title="bbox 632 1403 3050 1477; baseline -0.002 -17"><span class='ocrx_word' id='word_1_48' title='bbox 632 1434 639 1441; x_wconf 94' lang='lat'><em>·</em></span> <span class='ocrx_word' id='word_1_49' title='bbox 854 1404 1091 1477; x_wconf 88' lang='lat' dir='ltr'>quale</span> <span class='ocrx_word' id='word_1_50' title='bbox 1147 1411 1270 1461; x_wconf 90' lang='lat' dir='ltr'>est</span> <span class='ocrx_word' id='word_1_51' title='bbox 1325 1411 1408 1461; x_wconf 93' lang='lat' dir='ltr'>ut</span> <span class='ocrx_word' id='word_1_52' title='bbox 1460 1404 1655 1462; x_wconf 93' lang='lat' dir='ltr'>illos</span> <span class='ocrx_word' id='word_1_53' title='bbox 1713 1411 1865 1461; x_wconf 92' lang='lat' dir='ltr'>tam</span> <span class='ocrx_word' id='word_1_54' title='bbox 1912 1405 2045 1461; x_wconf 87' lang='lat' dir='ltr'>diu</span> <span class='ocrx_word' id='word_1_55' title='bbox 2108 1412 2485 1461; x_wconf 89' lang='lat' dir='ltr'>errantes</span> <span class='ocrx_word' id='word_1_56' title='bbox 2553 1403 3050 1461; x_wconf 85' lang='lat' dir='ltr'>sustineret</span> 
     </span>
     <span class='ocr_line' id='line_1_11' title="bbox 630 1506 1153 1580; baseline 0.008 -16"><span class='ocrx_word' id='word_1_57' title='bbox 630 1506 867 1568; x_wconf 89' lang='lat' dir='ltr'>Marc.</span> <span class='ocrx_word' id='word_1_58' title='bbox 914 1508 1002 1566; x_wconf 90' lang='lat' dir='ltr'>IV</span> <span class='ocrx_word' id='word_1_59' title='bbox 1042 1510 1153 1580; x_wconf 85' lang='lat'>18;</span> 
     </span>
    </p>
   </div>
   <div class='ocr_carea' id='block_1_7' title="bbox 857 1626 2303 1716">
    <p class='ocr_par' dir='ltr' id='par_1_7' title="bbox 857 1626 2303 1716">
     <span class='ocr_line' id='line_1_12' title="bbox 857 1626 2303 1716; baseline 0.001 -23"><span class='ocrx_word' id='word_1_60' title='bbox 857 1632 1206 1711; x_wconf 69' lang='lat' dir='ltr'>praevenire</span> <span class='ocrx_word' id='word_1_61' title='bbox 1252 1654 1305 1693; x_wconf 85' lang='lat' dir='ltr'>e.</span> <span class='ocrx_word' id='word_1_62' title='bbox 1355 1643 1489 1711; x_wconf 90' lang='lat' dir='ltr'>part</span> <span class='ocrx_word' id='word_1_63' title='bbox 1533 1644 1854 1711; x_wconf 87' lang='lat' dir='ltr'>usurpatur</span> <span class='ocrx_word' id='word_1_64' title='bbox 1899 1644 1966 1694; x_wconf 88' lang='lat' dir='ltr'>ut</span> <span class='ocrx_word' id='word_1_65' title='bbox 2011 1626 2303 1716; x_wconf 77' lang='grc' dir='ltr'><em>φθάνω;</em></span> 
     </span>
    </p>
   </div>
   <div class='ocr_carea' id='block_1_8' title="bbox 634 1759 3038 1943">
    <p class='ocr_par' dir='ltr' id='par_1_8' title="bbox 634 1759 3038 1943">
     <span class='ocr_line' id='line_1_13' title="bbox 847 1759 3038 1837; baseline 0 -21"><span class='ocrx_word' id='word_1_66' title='bbox 847 1759 1173 1817; x_wconf 88' lang='lat' dir='ltr'>interim</span> <span class='ocrx_word' id='word_1_67' title='bbox 1243 1777 1330 1818; x_wconf 86' lang='lat' dir='ltr'>ex</span> <span class='ocrx_word' id='word_1_68' title='bbox 1402 1761 1715 1819; x_wconf 90' lang='lat' dir='ltr'>fiducia</span> <span class='ocrx_word' id='word_1_69' title='bbox 1773 1760 2297 1837; x_wconf 88' lang='lat' dir='ltr'>probationis</span> <span class='ocrx_word' id='word_1_70' title='bbox 2354 1760 2822 1835; x_wconf 88' lang='lat' dir='ltr'>praevenio</span> <span class='ocrx_word' id='word_1_71' title='bbox 2894 1760 3038 1817; x_wconf 84' lang='lat' dir='ltr'>ad-</span> 
     </span>
     <span class='ocr_line' id='line_1_14' title="bbox 634 1869 2074 1943; baseline 0.003 -20"><span class='ocrx_word' id='word_1_72' title='bbox 634 1884 981 1924; x_wconf 87' lang='lat' dir='ltr'>monens</span> <span class='ocrx_word' id='word_1_73' title='bbox 1028 1869 1415 1941; x_wconf 92' lang='lat' dir='ltr'>quosdam</span> <span class='ocrx_word' id='word_1_74' title='bbox 1460 1886 1812 1943; x_wconf 87' lang='lat' dir='ltr'>praescr.</span> <span class='ocrx_word' id='word_1_75' title='bbox 1864 1884 1902 1943; x_wconf 87' lang='lat'>9</span> <span class='ocrx_word' id='word_1_76' title='bbox 1951 1885 2074 1938; x_wconf 88' lang='lat' dir='ltr'>ex;</span> 
     </span>
    </p>
   </div>
   <div class='ocr_carea' id='block_1_9' title="bbox 848 1991 2948 2195">
    <p class='ocr_par' dir='ltr' id='par_1_9' title="bbox 848 1991 2948 2195">
     <span class='ocr_line' id='line_1_15' title="bbox 848 1991 2840 2068; baseline 0.001 -19"><span class='ocrx_word' id='word_1_77' title='bbox 848 1991 951 2049; x_wconf 91' lang='lat' dir='ltr'>ubi</span> <span class='ocrx_word' id='word_1_78' title='bbox 997 1991 1148 2049; x_wconf 92' lang='lat' dir='ltr'>haec</span> <span class='ocrx_word' id='word_1_79' title='bbox 1196 1992 1426 2050; x_wconf 89' lang='lat' dir='ltr'>codicis</span> <span class='ocrx_word' id='word_1_80' title='bbox 1473 1993 1671 2068; x_wconf 89' lang='lat' dir='ltr'>Agob.</span> <span class='ocrx_word' id='word_1_81' title='bbox 1721 1993 1900 2051; x_wconf 92' lang='lat' dir='ltr'>lectio</span> <span class='ocrx_word' id='word_1_82' title='bbox 1948 1994 2078 2051; x_wconf 91' lang='lat' dir='ltr'>sine</span> <span class='ocrx_word' id='word_1_83' title='bbox 2124 1993 2313 2051; x_wconf 92' lang='lat' dir='ltr'>dubio</span> <span class='ocrx_word' id='word_1_84' title='bbox 2361 1993 2658 2050; x_wconf 89' lang='lat' dir='ltr'>servanda</span> <span class='ocrx_word' id='word_1_85' title='bbox 2709 2000 2840 2050; x_wconf 84' lang='lat' dir='ltr'>est.</span> 
     </span>
     <span class='ocr_line' id='line_1_16' title="bbox 854 2112 2948 2195; baseline 0.002 -25"><span class='ocrx_word' id='word_1_86' title='bbox 854 2112 1179 2193; x_wconf 92' lang='lat' dir='ltr'>(Varro)</span> <span class='ocrx_word' id='word_1_87' title='bbox 1229 2116 1443 2173; x_wconf 93' lang='lat' dir='ltr'>ultro</span> <span class='ocrx_word' id='word_1_88' title='bbox 1489 2117 1915 2192; x_wconf 89' lang='lat' dir='ltr'>praevenit</span> <span class='ocrx_word' id='word_1_89' title='bbox 1960 2116 2246 2174; x_wconf 88' lang='lat' dir='ltr'>dicens</span> <span class='ocrx_word' id='word_1_90' title='bbox 2291 2125 2429 2175; x_wconf 89' lang='lat' dir='ltr'>nat</span> <span class='ocrx_word' id='word_1_91' title='bbox 2472 2117 2530 2174; x_wconf 96' lang='lat' dir='ltr'>II</span> <span class='ocrx_word' id='word_1_92' title='bbox 2565 2132 2600 2190; x_wconf 84' lang='lat'>3</span> <span class='ocrx_word' id='word_1_93' title='bbox 2655 2114 2746 2195; x_wconf 91' lang='lat' dir='ltr'>(p.</span> <span class='ocrx_word' id='word_1_94' title='bbox 2809 2113 2948 2195; x_wconf 89' lang='grc'>99).</span> 
     </span>
    </p>
   </div>
   <div class='ocr_carea' id='block_1_10' title="bbox 632 2238 3027 2527">
    <p class='ocr_par' dir='ltr' id='par_1_10' title="bbox 632 2238 3027 2527">
     <span class='ocr_line' id='line_1_17' title="bbox 848 2238 3027 2317; baseline -0 -22"><span class='ocrx_word' id='word_1_95' title='bbox 848 2238 970 2295; x_wconf 92' lang='lat' dir='ltr'>Sed</span> <span class='ocrx_word' id='word_1_96' title='bbox 1016 2248 1083 2296; x_wconf 92' lang='lat' dir='ltr'>ut</span> <span class='ocrx_word' id='word_1_97' title='bbox 1128 2241 1293 2315; x_wconf 92' lang='lat' dir='ltr'>apud</span> <span class='ocrx_word' id='word_1_98' title='bbox 1336 2242 1698 2316; x_wconf 86' lang='lat' dir='ltr'>posteriores</span> <span class='ocrx_word' id='word_1_99' title='bbox 1748 2239 2119 2299; x_wconf 88' lang='lat' dir='ltr'>Graecorum</span> <span class='ocrx_word' id='word_1_100' title='bbox 2165 2242 2482 2316; x_wconf 89' lang='lat' dir='ltr'>scriptores</span> <span class='ocrx_word' id='word_1_101' title='bbox 2528 2259 2638 2317; x_wconf 91' lang='lat' dir='ltr'>pro</span> <span class='ocrx_word' id='word_1_102' title='bbox 2685 2239 3027 2317; x_wconf 89' lang='lat' dir='ltr'>participio</span> 
     </span>
     <span class='ocr_line' id='line_1_18' title="bbox 632 2341 3024 2430; baseline -0 -28"><span class='ocrx_word' id='word_1_103' title='bbox 632 2345 967 2404; x_wconf 87' lang='lat' dir='ltr'>infinitivus</span> <span class='ocrx_word' id='word_1_104' title='bbox 1038 2364 1278 2421; x_wconf 90' lang='lat' dir='ltr'>quoque</span> <span class='ocrx_word' id='word_1_105' title='bbox 1347 2348 1411 2406; x_wconf 92' lang='lat' dir='ltr'>in</span> <span class='ocrx_word' id='word_1_106' title='bbox 1466 2366 1581 2405; x_wconf 87' lang='lat' dir='ltr'>usu</span> <span class='ocrx_word' id='word_1_107' title='bbox 1641 2357 1785 2418; x_wconf 90' lang='lat' dir='ltr'>erat,</span> <span class='ocrx_word' id='word_1_108' title='bbox 1799 2341 1852 2430; x_wconf 86' lang='lat'>1)</span> <span class='ocrx_word' id='word_1_109' title='bbox 1916 2350 2000 2405; x_wconf 87' lang='lat' dir='ltr'>ita</span> <span class='ocrx_word' id='word_1_110' title='bbox 2068 2348 2249 2406; x_wconf 88' lang='lat' dir='ltr'>etiam</span> <span class='ocrx_word' id='word_1_111' title='bbox 2322 2349 2488 2424; x_wconf 92' lang='lat' dir='ltr'>apud</span> <span class='ocrx_word' id='word_1_112' title='bbox 2563 2347 3024 2407; x_wconf 89' lang='lat' dir='ltr'>Tertullianum</span> 
     </span>
     <span class='ocr_line' id='line_1_19' title="bbox 641 2451 1780 2527; baseline 0.004 -18"><span class='ocrx_word' id='word_1_113' title='bbox 641 2451 1000 2510; x_wconf 86' lang='lat' dir='ltr'>infinitivum</span> <span class='ocrx_word' id='word_1_114' title='bbox 1045 2454 1361 2527; x_wconf 90' lang='lat' dir='ltr'>aliquoties</span> <span class='ocrx_word' id='word_1_115' title='bbox 1407 2454 1780 2513; x_wconf 89' lang='lat' dir='ltr'>invenimus:</span> 
     </span>
    </p>
   </div>
   <div class='ocr_carea' id='block_1_11' title="bbox 640 2578 3023 2767">
    <p class='ocr_par' dir='ltr' id='par_1_11' title="bbox 640 2578 3023 2767">
     <span class='ocr_line' id='line_1_20' title="bbox 858 2578 3023 2656; baseline -0.001 -20"><span class='ocrx_word' id='word_1_116' title='bbox 858 2578 1378 2637; x_wconf 89' lang='lat' dir='ltr'>detinebatur</span> <span class='ocrx_word' id='word_1_117' title='bbox 1424 2580 1553 2654; x_wconf 92' lang='lat' dir='ltr'>qui</span> <span class='ocrx_word' id='word_1_118' title='bbox 1600 2588 2137 2654; x_wconf 88' lang='lat' dir='ltr'>praevenerat</span> <span class='ocrx_word' id='word_1_119' title='bbox 2199 2581 2428 2638; x_wconf 91' lang='lat' dir='ltr'>nasci</span> <span class='ocrx_word' id='word_1_120' title='bbox 2475 2600 2512 2639; x_wconf 93' lang='lat' dir='ltr'>a</span> <span class='ocrx_word' id='word_1_121' title='bbox 2555 2586 3023 2656; x_wconf 89' lang='lat' dir='ltr'>praevento</span> 
     </span>
     <span class='ocr_line' id='line_1_21' title="bbox 640 2683 2880 2767; baseline 0.002 -26"><span class='ocrx_word' id='word_1_122' title='bbox 640 2685 979 2742; x_wconf 90' lang='lat' dir='ltr'>necdum</span> <span class='ocrx_word' id='word_1_123' title='bbox 1024 2687 1353 2760; x_wconf 89' lang='lat' dir='ltr'>plenius</span> <span class='ocrx_word' id='word_1_124' title='bbox 1400 2689 1626 2745; x_wconf 92' lang='lat' dir='ltr'>edito</span> <span class='ocrx_word' id='word_1_125' title='bbox 1674 2707 1780 2745; x_wconf 90' lang='lat' dir='ltr'>an.</span> <span class='ocrx_word' id='word_1_126' title='bbox 1834 2685 1914 2744; x_wconf 87' lang='lat'>26</span> <span class='ocrx_word' id='word_1_127' title='bbox 1965 2683 2074 2764; x_wconf 88' lang='lat'>(=</span> <span class='ocrx_word' id='word_1_128' title='bbox 2119 2687 2408 2761; x_wconf 90' lang='lat' dir='ltr'>quiante</span> <span class='ocrx_word' id='word_1_129' title='bbox 2451 2696 2630 2745; x_wconf 90' lang='lat' dir='ltr'>natus</span> <span class='ocrx_word' id='word_1_130' title='bbox 2678 2687 2880 2767; x_wconf 85' lang='lat' dir='ltr'>erat);</span> 
     </span>
    </p>
   </div>
   <div class='ocr_carea' id='block_1_12' title="bbox 633 2808 3017 2998">
    <p class='ocr_par' dir='ltr' id='par_1_12' title="bbox 633 2808 3017 2998">
     <span class='ocr_line' id='line_1_22' title="bbox 856 2808 3017 2888; baseline -0.001 -21"><span class='ocrx_word' id='word_1_131' title='bbox 856 2810 924 2867; x_wconf 92' lang='lat' dir='ltr'>si</span> <span class='ocrx_word' id='word_1_132' title='bbox 1001 2812 1176 2884; x_wconf 93' lang='lat' dir='ltr'>quis</span> <span class='ocrx_word' id='word_1_133' title='bbox 1253 2821 1790 2886; x_wconf 89' lang='lat' dir='ltr'>praevenerat</span> <span class='ocrx_word' id='word_1_134' title='bbox 1864 2813 2371 2869; x_wconf 88' lang='lat' dir='ltr'>descendere</span> <span class='ocrx_word' id='word_1_135' title='bbox 2422 2813 2680 2883; x_wconf 60' lang='lat' dir='ltr'>*illuc‚</span> <span class='ocrx_word' id='word_1_136' title='bbox 2779 2808 3017 2888; x_wconf 91' lang='lat' dir='ltr'>queri</span> 
     </span>
     <span class='ocr_line' id='line_1_23' title="bbox 633 2915 2553 2998; baseline 0.002 -25"><span class='ocrx_word' id='word_1_137' title='bbox 633 2925 823 2990; x_wconf 85' lang='lat' dir='ltr'>post</span> <span class='ocrx_word' id='word_1_138' title='bbox 870 2918 1280 2975; x_wconf 86' lang='lat' dir='ltr'>lavacrum</span> <span class='ocrx_word' id='word_1_139' title='bbox 1326 2921 1760 2977; x_wconf 89' lang='lat' dir='ltr'>desinebat</span> <span class='ocrx_word' id='word_1_140' title='bbox 1804 2919 2015 2993; x_wconf 89' lang='lat' dir='ltr'>bapt.</span> <span class='ocrx_word' id='word_1_141' title='bbox 2065 2933 2100 2992; x_wconf 87' lang='lat'><strong><em>5</em></strong></span> <span class='ocrx_word' id='word_1_142' title='bbox 2153 2915 2230 2996; x_wconf 89' lang='lat' dir='ltr'>(p.</span> <span class='ocrx_word' id='word_1_143' title='bbox 2284 2919 2408 2976; x_wconf 83' lang='lat'>206</span> <span class='ocrx_word' id='word_1_144' title='bbox 2457 2917 2553 2998; x_wconf 90' lang='lat' dir='ltr'>R.)</span> 
     </span>
    </p>
   </div>
   <div class='ocr_carea' id='block_1_13' title="bbox 852 3044 3014 3118">
    <p class='ocr_par' dir='ltr' id='par_1_13' title="bbox 852 3044 3014 3118">
     <span class='ocr_line' id='line_1_24' title="bbox 852 3044 3014 3118; baseline -0 -19"><span class='ocrx_word' id='word_1_145' title='bbox 852 3060 1008 3100; x_wconf 87' lang='lat' dir='ltr'>non</span> <span class='ocrx_word' id='word_1_146' title='bbox 1055 3051 1397 3118; x_wconf 91' lang='lat' dir='ltr'>possunt</span> <span class='ocrx_word' id='word_1_147' title='bbox 1443 3045 1644 3101; x_wconf 89' lang='lat' dir='ltr'>duos</span> <span class='ocrx_word' id='word_1_148' title='bbox 1691 3046 1887 3101; x_wconf 90' lang='lat' dir='ltr'>deos</span> <span class='ocrx_word' id='word_1_149' title='bbox 1922 3044 2457 3117; x_wconf 90' lang='lat' dir='ltr'>facerequae‚</span> <span class='ocrx_word' id='word_1_150' title='bbox 2493 3045 3014 3108; x_wconf 89' lang='lat' dir='ltr'>etsidiversa,</span> 
     </span>
    </p>
   </div>
   <div class='ocr_carea' id='block_1_14' title="bbox 631 3147 3012 3336">
    <p class='ocr_par' dir='ltr' id='par_1_14' title="bbox 631 3147 3012 3336">
     <span class='ocr_line' id='line_1_25' title="bbox 633 3147 3012 3229; baseline 0.001 -25"><span class='ocrx_word' id='word_1_151' title='bbox 633 3150 848 3222; x_wconf 88' lang='lat' dir='ltr'>apud</span> <span class='ocrx_word' id='word_1_152' title='bbox 910 3167 1143 3206; x_wconf 89' lang='lat' dir='ltr'>unum</span> <span class='ocrx_word' id='word_1_153' title='bbox 1197 3151 1612 3207; x_wconf 90' lang='lat' dir='ltr'>recenseri</span> <span class='ocrx_word' id='word_1_154' title='bbox 1668 3159 2272 3226; x_wconf 89' lang='lat' dir='ltr'>praevenerunt</span> <span class='ocrx_word' id='word_1_155' title='bbox 2330 3147 2438 3229; x_wconf 90' lang='lat'>(==</span> <span class='ocrx_word' id='word_1_156' title='bbox 2483 3160 2663 3209; x_wconf 91' lang='lat' dir='ltr'>antea</span> <span class='ocrx_word' id='word_1_157' title='bbox 2708 3150 3012 3210; x_wconf 85' lang='lat' dir='ltr'>recensita</span> 
     </span>
     <span class='ocr_line' id='line_1_26' title="bbox 631 3251 1751 3336; baseline 0.004 -27"><span class='ocrx_word' id='word_1_158' title='bbox 631 3251 801 3332; x_wconf 81' lang='lat' dir='ltr'>sunt)</span> <span class='ocrx_word' id='word_1_159' title='bbox 849 3254 1082 3312; x_wconf 89' lang='lat' dir='ltr'>Mare.</span> <span class='ocrx_word' id='word_1_160' title='bbox 1134 3254 1298 3312; x_wconf 86' lang='lat' dir='ltr'>V11</span> <span class='ocrx_word' id='word_1_161' title='bbox 1353 3252 1433 3332; x_wconf 90' lang='lat' dir='ltr'>(p.</span> <span class='ocrx_word' id='word_1_162' title='bbox 1486 3270 1608 3331; x_wconf 84' lang='lat'>307</span> <span class='ocrx_word' id='word_1_163' title='bbox 1652 3253 1751 3336; x_wconf 92' lang='lat' dir='ltr'>O.)</span> 
     </span>
    </p>
   </div>
   <div class='ocr_carea' id='block_1_15' title="bbox 640 3375 3010 3564">
    <p class='ocr_par' dir='ltr' id='par_1_15' title="bbox 640 3375 3010 3564">
     <span class='ocr_line' id='line_1_27' title="bbox 854 3375 3010 3466; baseline -0.001 -30"><span class='ocrx_word' id='word_1_164' title='bbox 854 3379 1204 3437; x_wconf 89' lang='lat' dir='ltr'>Secundum</span> <span class='ocrx_word' id='word_1_165' title='bbox 1264 3398 1551 3455; x_wconf 86' lang='lat' dir='ltr'>graecum</span> <span class='ocrx_word' id='word_1_166' title='bbox 1612 3375 1899 3466; x_wconf 80' lang='grc' dir='ltr'><strong><em>φανερός</em></strong></span> <span class='ocrx_word' id='word_1_167' title='bbox 1945 3383 2075 3460; x_wconf 73' lang='grc' dir='ltr'>εἰμι</span> <span class='ocrx_word' id='word_1_168' title='bbox 2121 3401 2174 3440; x_wconf 90' lang='lat' dir='ltr'>e.</span> <span class='ocrx_word' id='word_1_169' title='bbox 2223 3392 2373 3458; x_wconf 91' lang='lat' dir='ltr'>part.</span> <span class='ocrx_word' id='word_1_170' title='bbox 2424 3383 2837 3442; x_wconf 88' lang='lat' dir='ltr'>Tertullianus</span> <span class='ocrx_word' id='word_1_171' title='bbox 2901 3378 3010 3439; x_wconf 91' lang='lat' dir='ltr'>sibi</span> 
     </span>
     <span class='ocr_line' id='line_1_28' title="bbox 640 3483 1848 3564; baseline 0.005 -22"><span class='ocrx_word' id='word_1_172' title='bbox 640 3485 919 3543; x_wconf 86' lang='lat' dir='ltr'>formavit</span> <span class='ocrx_word' id='word_1_173' title='bbox 965 3483 1319 3548; x_wconf 75' lang='lat' dir='ltr'>manifestus</span> <span class='ocrx_word' id='word_1_174' title='bbox 1366 3502 1501 3547; x_wconf 74' lang='lat' dir='ltr'>eum</span> <span class='ocrx_word' id='word_1_175' title='bbox 1550 3507 1606 3546; x_wconf 89' lang='lat' dir='ltr'>c.</span> <span class='ocrx_word' id='word_1_176' title='bbox 1653 3499 1848 3564; x_wconf 87' lang='lat' dir='ltr'>part.</span> 
     </span>
    </p>
   </div>
   <div class='ocr_carea' id='block_1_16' title="bbox 632 3609 3004 3790">
    <p class='ocr_par' dir='ltr' id='par_1_16' title="bbox 632 3609 3004 3790">
     <span class='ocr_line' id='line_1_29' title="bbox 858 3609 3004 3690; baseline -0 -22"><span class='ocrx_word' id='word_1_177' title='bbox 858 3609 1126 3690; x_wconf 90' lang='lat' dir='ltr'>(deus)</span> <span class='ocrx_word' id='word_1_178' title='bbox 1175 3613 1663 3671; x_wconf 87' lang='lat' dir='ltr'>manifestus</span> <span class='ocrx_word' id='word_1_179' title='bbox 1712 3623 1834 3671; x_wconf 88' lang='lat' dir='ltr'>est</span> <span class='ocrx_word' id='word_1_180' title='bbox 1896 3646 1981 3657; x_wconf 96' lang='lat'><strong>—</strong></span> <span class='ocrx_word' id='word_1_181' title='bbox 2045 3614 2567 3673; x_wconf 86' lang='lat' dir='ltr'>labefactans</span> <span class='ocrx_word' id='word_1_182' title='bbox 2617 3615 3004 3673; x_wconf 87' lang='lat' dir='ltr'>fiduciam</span> 
     </span>
     <span class='ocr_line' id='line_1_30' title="bbox 632 3733 1139 3790; baseline 0.002 -17"><span class='ocrx_word' id='word_1_183' title='bbox 632 3734 784 3774; x_wconf 78' lang='lat' dir='ltr'>res·</span> <span class='ocrx_word' id='word_1_184' title='bbox 837 3735 983 3776; x_wconf 91' lang='lat' dir='ltr'>car.</span> <span class='ocrx_word' id='word_1_185' title='bbox 1037 3733 1139 3790; x_wconf 86' lang='lat'>31.</span> 
     </span>
    </p>
   </div>
   <div class='ocr_carea' id='block_1_17' title="bbox 642 3930 1071 3938">
    <p class='ocr_par' dir='ltr' id='par_1_17' title="bbox 642 3930 1071 3938">
     <span class='ocr_line' id='line_1_31' title="bbox 642 3930 1071 3938; baseline 0 1000"><span class='ocrx_word' id='word_1_186' title='bbox 642 3930 1071 3938; x_wconf 95' lang='lat' dir='ltr'> </span> 
     </span>
    </p>
   </div>
   <div class='ocr_carea' id='block_1_18' title="bbox 856 4050 2992 4307">
    <p class='ocr_par' dir='ltr' id='par_1_18' title="bbox 856 4050 2992 4307">
     <span class='ocr_line' id='line_1_32' title="bbox 856 4050 2992 4128; baseline 0 -22"><span class='ocrx_word' id='word_1_187' title='bbox 856 4055 897 4119; x_wconf 79' lang='lat'>¹)</span> <span class='ocrx_word' id='word_1_188' title='bbox 953 4050 1148 4122; x_wconf 68' lang='grc' dir='ltr'><em>φθάνω</em></span> <span class='ocrx_word' id='word_1_189' title='bbox 1206 4071 1249 4108; x_wconf 88' lang='lat' dir='ltr'>c.</span> <span class='ocrx_word' id='word_1_190' title='bbox 1306 4055 1427 4110; x_wconf 90' lang='lat' dir='ltr'>inf.:</span> <span class='ocrx_word' id='word_1_191' title='bbox 1487 4057 1623 4110; x_wconf 85' lang='lat' dir='ltr'>Plut.</span> <span class='ocrx_word' id='word_1_192' title='bbox 1677 4055 1948 4126; x_wconf 89' lang='lat' dir='ltr'>Apophth.</span> <span class='ocrx_word' id='word_1_193' title='bbox 1997 4074 2047 4126; x_wconf 91' lang='lat' dir='ltr'>p.</span> <span class='ocrx_word' id='word_1_194' title='bbox 2100 4057 2204 4111; x_wconf 88' lang='lat'>178</span> <span class='ocrx_word' id='word_1_195' title='bbox 2241 4058 2302 4112; x_wconf 91' lang='lat' dir='ltr'>E.</span> <span class='ocrx_word' id='word_1_196' title='bbox 2340 4062 2517 4124; x_wconf 69' lang='grc' dir='ltr'>ὲὲφθη</span> <span class='ocrx_word' id='word_1_197' title='bbox 2553 4056 2659 4128; x_wconf 75' lang='grc' dir='ltr'>γὰρ</span> <span class='ocrx_word' id='word_1_198' title='bbox 2697 4052 2992 4121; x_wconf 75' lang='grc' dir='ltr'>τελευτῆσαι</span> 
     </span>
     <span class='ocr_line' id='line_1_33' title="bbox 934 4138 2538 4217; baseline 0.002 -21"><span class='ocrx_word' id='word_1_199' title='bbox 934 4147 1055 4210; x_wconf 76' lang='grc' dir='ltr'>πρὶν</span> <span class='ocrx_word' id='word_1_200' title='bbox 1092 4140 1128 4210; x_wconf 74' lang='grc' dir='ltr'><em>ἢ</em></span> <span class='ocrx_word' id='word_1_201' title='bbox 1179 4138 1299 4213; x_wconf 59' lang='grc' dir='ltr'>παρ’</span> <span class='ocrx_word' id='word_1_202' title='bbox 1339 4145 1468 4213; x_wconf 71' lang='grc' dir='ltr'>ἐμοῦ</span> <span class='ocrx_word' id='word_1_203' title='bbox 1500 4141 1662 4217; x_wconf 78' lang='grc' dir='ltr'><strong><em>χάριν</em></strong></span> <span class='ocrx_word' id='word_1_204' title='bbox 1703 4141 1854 4202; x_wconf 70' lang='grc' dir='ltr'><strong><em>(ἰξίαν</em></strong></span> <span class='ocrx_word' id='word_1_205' title='bbox 1891 4145 1986 4206; x_wconf 71' lang='grc' dir='ltr'>τῆς</span> <span class='ocrx_word' id='word_1_206' title='bbox 2021 4151 2197 4216; x_wconf 79' lang='grc' dir='ltr'><strong><em>φιλίας</em></strong></span> <span class='ocrx_word' id='word_1_207' title='bbox 2236 4143 2538 4212; x_wconf 70' lang='grc' dir='ltr'><strong><em>ἀπολαβεῖν.</em></strong></span> 
     </span>
     <span class='ocr_line' id='line_1_34' title="bbox 933 4228 2756 4307; baseline 0.001 -21"><span class='ocrx_word' id='word_1_208' title='bbox 933 4232 1157 4302; x_wconf 76' lang='lat' dir='ltr'>Dionys.</span> <span class='ocrx_word' id='word_1_209' title='bbox 1197 4233 1258 4287; x_wconf 90' lang='lat' dir='ltr'>A.</span> <span class='ocrx_word' id='word_1_210' title='bbox 1300 4233 1363 4288; x_wconf 90' lang='lat' dir='ltr'>R.</span> <span class='ocrx_word' id='word_1_211' title='bbox 1403 4233 1453 4301; x_wconf 67' lang='lat'>4«,</span> <span class='ocrx_word' id='word_1_212' title='bbox 1476 4233 1543 4288; x_wconf 88' lang='grc'>61</span> <span class='ocrx_word' id='word_1_213' title='bbox 1583 4231 1844 4287; x_wconf 71' lang='grc' dir='ltr'><strong><em>τελειῶσαι</em></strong></span> <span class='ocrx_word' id='word_1_214' title='bbox 1881 4228 1975 4288; x_wconf 74' lang='grc' dir='ltr'>οὐκ</span> <span class='ocrx_word' id='word_1_215' title='bbox 2013 4241 2262 4301; x_wconf 72' lang='grc' dir='ltr'><em>ἔφθασαν</em></span> <span class='ocrx_word' id='word_1_216' title='bbox 2301 4229 2444 4288; x_wconf 72' lang='grc' dir='ltr'>ἅπαν</span> <span class='ocrx_word' id='word_1_217' title='bbox 2480 4230 2544 4288; x_wconf 79' lang='grc' dir='ltr'>τὸ</span> <span class='ocrx_word' id='word_1_218' title='bbox 2587 4241 2756 4307; x_wconf 62' lang='lat' dir='ltr'>{pyum</span> 
     </span>
    </p>
   </div>
  </div>
 </body>
</html>
