3157 4938
1525 269 1971 332 -28-

563 453 937 526 pluribus
984 453 1064 509 id
1118 453 1763 526 propugnaculis
1820 452 2221 522 defensat;
2292 465 2347 525 7,
2408 451 2503 520 16,
2572 453 2648 508 11
2702 455 2932 526 quasi

563 560 1104 633 propulsabat
1148 561 1531 616 invidiam
1577 569 1653 616 et
1700 561 2189 616 defensabat
2235 560 2685 635 invidiam).

784 663 952 722 Tert.
1001 666 1247 739 praebet
1292 666 1474 722 haec:

781 773 1143 828 hederae
1191 782 1477 830 natura
1525 775 1632 830 sit
1679 775 2091 830 cerebrum
2146 774 2236 830 ab
2293 773 2584 830 heluco
2646 774 2933 830 defen-

567 897 748 936 sare
797 895 946 935 cor.
997 898 1076 935 m.
1133 893 1205 952 7;

776 1003 970 1058 quos
1064 987 1427 1042 interdiu
1522 987 2007 1043 exorcismis
2098 986 2448 1060 fugavit,
2544 988 2933 1043 noctibus

567 1091 1042 1148 defensabit
1088 1092 1181 1148 ib.
1238 1091 1340 1148 11.

782 1199 1130 1254 lusitare
1178 1199 1392 1272 legitur
1438 1199 1601 1272 apud
1642 1197 1894 1254 Plaut.
1946 1206 2147 1272 capt.
2204 1214 2260 1272 5,
2296 1216 2356 1272 4,
2392 1199 2429 1256 6
2491 1208 2626 1256 aut
2681 1201 2931 1257 anites

568 1314 700 1362 aut
778 1307 1240 1361 coturnices
1320 1307 1655 1373 dantur,
1750 1305 2063 1378 quicum
2141 1306 2493 1362 lusitent
2615 1315 2675 1363 et
2767 1309 2930 1380 apud

570 1410 768 1468 Gell.
829 1411 924 1481 18,
985 1427 1080 1484 13,
1140 1427 1159 1466 1
1236 1412 1415 1467 alea
1471 1413 1811 1485 quadam
1860 1411 2159 1468 festiva
2205 1420 2283 1468 et
2328 1413 2680 1470 honesta
2720 1415 2932 1471 ‘lusi-

535 1517 928 1576 tabamus
993 1527 1052 1575 et
1118 1519 1281 1591 apud
1327 1526 1601 1574 nostrum
1646 1519 2030 1592 scriptorem:
2099 1528 2235 1575 nat
2280 1518 2337 1574 11
2392 1534 2466 1591 13
2518 1519 2599 1596 (p.
2660 1534 2777 1593 124
2830 1519 2930 1596 R.)

569 1627 662 1682 de
709 1643 856 1698 quo
904 1625 1235 1698 poetica
1281 1625 1399 1681 sic
1447 1625 1853 1681 lusitavit.

782 1734 1220 1789 mussitare
1247 1725 1295 1806 ¹)
1359 1713 1485 1788 non
1533 1733 1718 1788 semel
1764 1731 2010 1789 Plautus
2075 1742 2134 1789 et
2194 1731 2516 1789 Terentius
2564 1735 2932 1808 scripserunt

571 1838 648 1913 (e.
698 1857 756 1913 g.
820 1838 887 1894 P.
950 1825 1070 1895 milss
1140 1853 1196 1910 3,
1256 1853 1306 1906 1,
1367 1852 1518 1906 12ο;
1593 1837 1732 1894 Ter.
1782 1839 1935 1895 adel.
1991 1853 2045 1907 2,
2106 1854 2157 1908 1,
2211 1839 2337 1915 53),
2410 1848 2471 1896 et
2539 1841 2683 1898 satis
2754 1858 2938 1916 saepe

572 1943 774 2002 Tert.:
841 1964 891 2001 e.
949 1964 1006 2019 g.
1066 1946 1221 2019 pud
1285 1957 1316 2018 7
1383 1944 1468 2020 (p.
1533 1959 1650 2016 231
1719 1944 1820 2020 R.)
1885 1945 2306 2003 Pharisaei
2367 1978 2457 1990 -
2521 1949 2938 2021 indignati

570 2070 631 2108 m
666 2052 1169 2119 ussitabant;
1219 2052 1458 2108 ieiun.
1513 2066 1546 2124 5
1611 2045 2023 2132 (populus)
2072 2054 2146 2108 in
2182 2051 2511 2127 Moysen
2559 2062 2627 2110 et
2671 2055 2939 2112 Aaron

571 2160 1062 2216 mussitavit.

785 2265 1202 2321 obiectare
1249 2272 1480 2338 praeter
1527 2263 1805 2320 Plautum
1858 2264 2017 2339 (trin.
2070 2280 2126 2337 3,
2167 2281 2223 2335 2,
2265 2263 2366 2335 28,
2414 2284 2595 2322 merc.
2637 2281 2691 2334 2,
2730 2281 2788 2338 3,
2829 2265 2939 2342 76)

572 2380 633 2428 et
707 2371 1052 2428 Sallustium
1128 2379 1562 2446 usurpaverunt
1640 2371 1850 2445 Apul.
1932 2371 2101 2428 flor.
2177 2387 2211 2444 3
2285 2391 2405 2429 ex:
2478 2373 2624 2430 hoc
2680 2391 2939 2446 genus

573 2481 902 2536 crimina
1007 2481 1360 2554 sapienti
1451 2480 1942 2553 exoptanda,
2052 2480 2423 2554 Apollini
2534 2482 2937 2538 obiectata3

575 2584 754 2643 Gell.
821 2586 880 2655 6,
948 2602 1042 2655 12,
1101 2603 1140 2659 4
1216 2589 1405 2643 inter
1460 2584 1806 2660 'pleraque
1862 2587 2033 2655 alia,
2099 2604 2280 2660 quae
2347 2588 2805 2656 obiectabat‚
2869 2590 2943 2646 id

573 2711 858 2767 quoque
926 2688 1192 2767 probro
1262 2695 1492 2762 dedit;
1571 2708 1667 2765 13,
1745 2709 1845 2759 22,
1923 2710 1981 2762 13
2055 2692 2247 2751 Tert.
2317 2712 2551 2769 scorp.
2623 2695 2659 2750 ὁ
2730 2713 2943 2753 nemo

574 2811 813 2858 tamen
873 2804 1130 2875 agonis
1192 2801 1602 2875 praesidem
1668 2801 2027 2874 sugillans
2104 2803 2269 2871 erit,
2343 2803 2535 2875 quod
2608 2802 2941 2859 homines

573 2908 1001 2964 violentiae
1071 2908 1421 2975 obiectat;
1497 2925 1638 2965 cor.
1711 2925 1789 2963 m.
1885 2922 1961 2965 10
2026 2909 2352 2982 exempla
2434 2909 2646 2965 nobis
2726 2909 2942 2966 obie-

575 3023 897 3071 etantur.

783 3123 1241 3195 pensitare,
1331 3122 1516 3178 rarius
1588 3140 1769 3178 aurea
1837 3130 2051 3191 aetate,
2130 3124 2366 3198 saepius
2444 3124 2607 3197 apud
2679 3121 2945 3205 Gellium

573 3228 787 3303 legitur
857 3227 935 3302 (e.
999 3246 1058 3301 g.
1134 3244 1184 3295 1,
1247 3245 1307 3300 4,
1385 3244 1406 3283 1
1493 3237 1618 3285 aut
1693 3230 1997 3285 virtutes
2074 3230 2497 3303 pensitabat
2564 3238 2693 3286 aut
2760 3230 2945 3287 vitia

573 3332 1033 3408 rimabatur),
1084 3336 1286 3404 semel,
1335 3337 1396 3391 ni
1445 3335 1634 3403 fallor,
1695 3337 1860 3409 apud
1918 3334 2084 3391 Tert.
2144 3336 2323 3410 apol.
2387 3351 2420 3409 5
2481 3338 2579 3392 in:
2642 3336 2820 3393 facit
2868 3346 2946 3394 et

574 3442 708 3497 hoc
755 3441 843 3497 ad
890 3458 1179 3497 causam
1226 3452 1577 3511 nostram,
1628 3443 1825 3515 quod
1870 3444 2061 3516 apud
2108 3460 2230 3499 vos
2274 3443 2360 3499 de
2399 3442 2711 3499 humano
2744 3444 2944 3500 arbi-

575 3557 766 3605 tratu
817 3548 1180 3605 divinitas
1228 3551 1673 3625 pensitatur.

780 3664 1104 3721 vectare,
1191 3665 1511 3731 postquam
1598 3664 1812 3730 poetae
1885 3656 2177 3728 Augustei
2253 3658 2611 3730 praeierunt,
2690 3656 2943 3714 adhibet

576 3760 767 3817 Gell.
848 3761 942 3827 16,
1023 3778 1117 3835 19,
1195 3762 1269 3819 16
1342 3762 1788 3837 Delphinum
1858 3756 2295 3831 vectavisse3
2381 3764 2667 3819 translate
2738 3761 2939 3820 Tert.

573 3888 661 3925 an
717 3884 789 3942 15
841 3868 920 3945 (p.
974 3884 1102 3941 320
1147 3863 1251 3951 R.)
1311 3870 1789 3948 Asclepiades
1839 3871 2052 3926 etiam
2107 3870 2237 3926 illa
2294 3872 2943 3945 argumentatione

574 3984 934 4033 vectatur.

789 4204 832 4265 ²)
871 4202 933 4256 cf.
973 4202 1140 4255 etiam
1164 4202 1322 4271 Apul.
1357 4202 1501 4271 apol.
1533 4203 1600 4255 71
1630 4219 1725 4256 ex:
1764 4204 1942 4257 hunc
1981 4203 2097 4257 ille
2134 4202 2458 4256 timorem
2495 4202 2939 4257 mussitabat.
