3157 4938
1542 294 1970 361 ..38-

803 486 1037 537 tenus
1088 468 1184 555 (τὸ
1232 476 1429 557 rivos)
1494 480 1704 552 priscis
1769 487 1859 535 est
1914 478 2162 552 laqueus
2228 474 2408 555 (velut
2466 478 2660 537 Plaut.
2719 477 2942 535 Bacch.

592 602 651 659 4,
704 583 763 655 6,
818 603 894 661 23
944 588 1057 643 ita
1103 586 1427 651 intendi
1476 582 1780 662 tenus),
1846 602 2026 659 quam
2087 603 2299 642 vocem
2355 587 2521 660 apnd
2565 595 2841 642 nostrum
2888 588 2946 642 in

589 693 739 750 libro
802 693 880 747 de
946 691 1126 765 pallio
1182 693 1377 749 redire
1437 693 1704 749 notabile
1769 701 1878 761 est,
1947 709 2079 767 cap.
2142 708 2177 765 3
2256 682 2519 765 ‘quem
2596 692 2952 765 philyrae

590 809 819 857 tenus
864 800 1193 855 iunxera
1212 790 1284 867 t‘;
1336 800 1421 855 sic
1468 800 1629 855 enim
1678 807 1738 856 et
1783 799 2028 856 codices
2075 800 2366 873 praebent
2411 807 2473 855 et
2513 798 2842 855 Salmasius
2875 799 2944 853 ac

590 907 882 981 Rigaltius
928 914 1308 980 receperunt3
1371 922 1569 979 neque
1631 922 1782 980 opus
1831 922 1966 963 esse
1997 906 2181 962 credo
2229 923 2367 962 cum
2413 904 2678 963 Oehlero
2723 913 2954 961 mutare

586 1002 971 1081 ‘taeniis',
1036 1031 1163 1069 non
1233 1014 1393 1082 enim
1456 1014 1704 1070 omnino
1767 1013 2157 1087 improbabile
2219 1004 2311 1069 est
2372 1011 2818 1069 Tertullianum
2875 1012 2953 1067 ad

590 1120 757 1176 illum
804 1121 1004 1187 locum
1034 1118 1375 1176 Plautinum
1418 1113 1770 1195 alludere..¹)

805 1225 863 1304 b)
913 1227 1348 1284 adiectiva.

764 1335 1125 1391 ·amasius
1190 1334 1404 1390 citatur
1463 1351 1533 1388 ex
1582 1332 1796 1389 Plauto
1863 1328 2021 1406 (Cas.
2075 1347 2132 1404 3,
2191 1348 2244 1402 1,
2305 1348 2378 1404 13
2437 1333 2954 1389 miserrimum

511 1430 514 1433 ’
589 1441 811 1497 hodie
888 1460 1029 1516 ego
1097 1442 1298 1499 hunc
1354 1442 1658 1498 habebo
1722 1438 2104 1519 amasium)
2185 1450 2245 1497 et
2320 1442 2673 1515 antiquariis
2753 1437 2950 1517 (Apul.

589 1556 731 1605 met.
784 1564 841 1619 3,
894 1564 971 1604 22
1024 1557 1084 1605 et
1134 1564 1189 1622 7,
1241 1549 1344 1618 21,
1402 1550 1504 1605 ubi
1560 1556 1770 1606 tamen
1827 1549 2035 1622 optimi
2093 1538 2337 1605 codices
2401 1565 2510 1622 pro
2577 1540 2940 1605 ‘amasius‘

591 1655 873 1711 exhibent
915 1646 1290 1725 ‘amasio';
1358 1654 1511 1712 Gell.
1562 1654 1622 1725 6,
1675 1669 1731 1728 7,
1783 1652 1820 1710 8
1869 1654 2284 1729 delphinos
2343 1654 2711 1711 venerios
2756 1649 2942 1710 'esse

593 1771 662 1819 et
722 1760 1126 1841 amasios);
1186 1762 1368 1820 etiam
1433 1761 1599 1817 Tert.
1666 1780 1854 1818 unum
1910 1762 2248 1835 exemplum
2303 1762 2582 1834 praebet:
2652 1761 2808 1835 apol.
2876 1774 2948 1830 3:

594 1870 770 1945 quis
812 1864 1127 1943 iuvenis!
1178 1887 1397 1943 quam
1444 1870 1834 1938 lascivus,
1883 1887 2108 1943 quam
2154 1864 2538 1926 amasius!

807 1978 1253 2049 aquilinuS,
1347 1977 1710 2033 vocabulum
1801 1978 1920 2032 iam
2010 1976 2224 2032 Plauto
2325 1976 2612 2032 usitatum
2707 1972 2942 2051 (Pseud.

595 2099 655 2155 3,
693 2099 749 2152 2,
786 2082 866 2155 63
917 2085 1319 2156 aquilinae
1366 2080 1744 2161 ungulae)
1795 2084 1871 2140 ab
1919 2083 2266 2155 antiquariis
2313 2083 2378 2137 in
2423 2099 2602 2139 usum
2633 2084 2948 2139 reductum

592 2190 860 2259 videtur;
911 2190 985 2249 cf.
1032 2190 1209 2264 Apul.
1257 2198 1399 2246 met.
1458 2205 1511 2258 2,
1553 2206 1584 2245 2
1637 2190 1864 2247 oculi
1913 2222 1996 2231 -—
2045 2191 2124 2245 in
2166 2191 2548 2263 adspectu
2593 2190 2949 2245 micantes

570 2314 922 2374 “prorsus
970 2298 1327 2371 aquilini.

808 2404 975 2461 Tert.
1038 2424 1212 2480 paen.
1273 2421 1343 2461 12
1414 2402 1490 2481 (p.
1556 2402 1684 2478 664
1747 2402 1844 2482 O.)
1918 2404 2299 2478 unguium
2369 2404 2812 2476 aquilinum
2879 2403 2948 2457 in

592 2514 901 2568 modum
952 2514 1461 2570 efferatione.
1892 2495 1896 2498 .
2659 2583 2662 2586 .

806 2622 1099 2679 bardus
1150 2617 1258 2690 (z
1301 2609 1573 2701 βραδύς)
1638 2620 1758 2676 huc
1827 2619 2123 2693 pertinere
2179 2617 2443 2673 Sittelius
2507 2618 2544 2674 l.
2595 2634 2648 2674 e.
2699 2636 2754 2690 p.
2826 2631 2940 2687 124

590 2727 860 2796 affirmat,
931 2746 1070 2784 cum
1137 2735 1274 2802 post
1341 2728 1569 2801 priscos
1639 2727 1906 2782 comicos
1977 2736 2036 2780 et
2105 2742 2292 2780 unum
2361 2721 2672 2780 Ciceronis
2743 2726 2933 2781 locum

594 2835 719 2910 (fat.
780 2835 838 2910 9)
920 2836 1123 2891 denuo
1202 2842 1467 2908 emergat
1544 2834 1709 2907 apud
1789 2831 1952 2888 Tert.
2026 2831 2316 2905 Hermog.
2387 2829 2468 2902 36
2546 2831 2810 2905 pictor
2876 2839 2946 2885 te

591 2943 899 2999 bardior
945 2960 1086 2997 non
1134 2950 1259 2998 est.
1355 2941 1431 2996 cf.
1484 2942 1664 2996 etiam
1712 2939 1939 2996 Arnob.
1995 2954 2052 3008 2,
2113 2953 2208 3011 19.

806 3050 1317 3123 bellipotens
1380 3066 1416 3103 a
1476 3048 1670 3122 primo
1716 3047 1915 3104 Ennio
1981 3047 2208 3102 dictum
2266 3055 2325 3102 et
2381 3063 2417 3100 a
2472 3047 2665 3119 poetis
2715 3045 2943 3119 optimis

593 3158 736 3216 satis
801 3163 1065 3214 amatum
1131 3151 1202 3231 (e.
1261 3173 1348 3228 gr.
1399 3173 1435 3210 a
1480 3153 1766 3228 VergiliO,
1834 3155 1934 3228 qui
2002 3154 2119 3209 hoc
2182 3152 2447 3227 epitheto
2509 3149 2765 3209 Martem
2827 3169 2940 3208 non

593 3264 778 3320 semel
826 3255 1122 3342 nominat)
1189 3260 1599 3318 Tertullianus
1648 3270 1848 3317 utrum
1893 3262 2102 3335 priscis
2160 3278 2239 3315 an
2285 3260 2713 3334 posterioribus
2760 3259 2942 3333 poetis

593 3371 829 3438 debeat,
880 3370 1196 3426 diiudicari
1242 3369 1465 3440 nequit.
1575 3369 1653 3424 cf.
1718 3368 1904 3424 Marc.
1964 3367 1992 3422 1
2041 3365 2078 3422 6
2143 3368 2486 3423 alterum
2549 3367 2777 3422 deum
2838 3367 2940 3421 iu·

811 3616 851 3682 1>
874 3616 933 3668 In
952 3614 1186 3668 transitu
1212 3613 1473 3681 attingere
1494 3613 1623 3666 volo
1649 3613 1994 3667 substantiva
2019 3611 2267 3665 verbalia
2291 3611 2348 3664 in
2373 3613 2484 3665 -ela
2509 3613 2783 3678 exeuntia,
2804 3625 2938 3680 quae

592 3710 807 3760 constat
844 3704 993 3774 apud
1030 3705 1181 3758 solos
1218 3703 1329 3757 fere
1365 3702 1576 3772 priscos
1617 3703 1907 3772 scriptores
1943 3703 2002 3756 in
2039 3717 2145 3754 usu
2181 3701 2350 3755 fuisse
2387 3705 2440 3754 et
2475 3700 2627 3770 apud
2664 3702 2940 3771 scriptores

592 3811 795 3849 aureae
834 3795 1030 3848 aetatis
1068 3810 1246 3858 pauca
1282 3792 1532 3847 inveniri.
1622 3793 1813 3847 Aetate
1859 3796 2044 3845 autem
2091 3791 2427 3859 depravatae
2464 3791 2682 3860 linguae
2721 3794 2937 3860 quanto-

587 3900 716 3954 pere
753 3884 1131 3950 increbuerint,
1188 3883 1285 3937 vix
1322 3899 1524 3953 operae
1561 3883 1797 3952 pretium
1834 3887 1916 3936 est
1953 3881 2220 3949 exemplis
2257 3879 2632 3948 comprobare.
2703 3879 2930 3933 Plurima

588 3973 905 4027 huiusmodi
943 3974 1233 4027 nominum
1270 3973 1500 4028 fortasse
1538 3973 1689 4042 apud
1726 3971 2070 4040 antiquarios
2106 3969 2408 4023 obveniunt
2455 3986 2522 4024 ac
2559 3970 2695 4023 Tert.
2735 3981 2934 4037 quoque

588 4063 856 4116 nonnulla
930 4063 1124 4118 saltem
1195 4063 1422 4132 praebet
1476 4080 1622 4116 nove
1677 4062 1928 4126 formata,
2006 4076 2146 4129 quae
2217 4059 2454 4120 'breviter
2521 4060 2713 4112 afferre
2766 4058 2924 4110 liceat.

590 4153 943 4219 captatela
984 4148 1039 4219 (ἁ
1078 4155 1130 4214 λ)
1179 4153 1305 4221 pall.
1346 4153 1499 4218 51113
1558 4151 1792 4206 fovela
1831 4145 1886 4217 (ἆ
1927 4155 1979 4214 λ)
2032 4166 2119 4202 an.
2161 4150 2220 4214 75
2279 4149 2550 4201 monela
2597 4147 2697 4214 (T.)
2735 4151 2836 4216 pat.
2872 4143 2932 4206 8;

588 4239 751 4292 Marc.
792 4241 864 4293 IV
902 4241 997 4306 343
1036 4243 1405 4310 peccatela
1444 4239 1498 4308 (ιὶ
1540 4244 1588 4308 λ)
1628 4258 1715 4295 an.
1755 4240 1840 4292 40.
