3157 4938
1045 278 1489 343 -77-

304 463 842 539 postliminium
907 463 999 519 ius
1070 478 1204 518 esse
1273 462 1498 517 reditus
1554 462 1618 518 in
1675 468 1898 518 statum
1959 462 2216 536 priorem
2263 481 2442 519 nemo

104 572 282 629 nescit
324 588 441 627 nec
489 587 642 645 opus
690 577 781 627 est
827 570 1111 643 exemplis
1174 569 1499 636 affirmare3
1564 584 1745 641 quam
1807 568 2068 624 nativam
2132 570 2444 626 notionem

108 679 255 739 Tert.
324 678 619 734 convertit
684 678 745 733 in
816 677 908 732 ius
977 676 1203 733 reditus
1272 676 1335 731 in
1404 675 1738 733 ecclesiam.
1854 674 1930 730 cf.
2001 676 2128 749 pud
2204 689 2275 748 15
2349 677 2440 733 in:

112 785 421 843 ‘incesto
456 783 901 840 fornicatori
933 782 1485 857 postliminium
1517 780 1836 855 largitus
1869 782 2448 839 ecclesiasticae

107 882 349 966 pacis’.
443 890 641 963 Atque
688 890 789 946 ubi
846 888 1412 963 metempsychosim
1468 889 1798 962 impugnat,
1869 886 2110 944 Heliam
2180 889 2262 945 ait
2319 908 2446 947 non

110 998 327 1073 corpori
373 996 731 1065 restitutum,
781 997 890 1052 sed
934 996 1165 1051 mundo
1210 995 1512 1051 redditum
1558 994 1626 1051 iri
1679 989 1782 1076 (an
1833 1009 1912 1068 35
1965 990 2097 1077 ex):
2139 980 2316 1053 ‘non
2363 1016 2448 1054 ex

110 1103 566 1179 postliminio
613 1104 835 1175 vitae,
886 1102 1015 1159 sed
1061 1121 1141 1159 ex
1190 1103 1716 1176 supplemento
1762 1092 2246 1178 prophetiae'.

301 1210 813 1284 praescriptio
842 1203 891 1288 1)
953 1217 1013 1265 et
1070 1210 1474 1283 praescribere
1531 1209 2010 1282 frequentissime
2065 1211 2231 1283 apud
2293 1209 2449 1267 Ter·

114 1318 407 1374 tullianum
452 1316 845 1392 reperiuntur.
934 1315 1022 1371 Ex
1070 1332 1183 1371 usu
1215 1314 1499 1371 ICtorum
1530 1316 1936 1389 praescribere
1969 1324 2060 1372 est
2091 1319 2450 1391 exceptione

113 1425 379 1498 perimere
442 1422 765 1479 adversarii
824 1423 1239 1490 intentionem,
1310 1424 1475 1495 quod
1537 1423 1848 1481 vertimus:
1921 1425 2020 1481 die
2066 1423 2450 1482 Prozessein·

113 1532 234 1587 rede
276 1529 554 1590 machen.
592 1592 595 1595 ,

311 1636 502 1693 Cuius
550 1652 695 1692 usus
743 1636 1027 1709 exemplis
1077 1633 1433 1692 Tertulliani
1491 1638 1713 1711 scripta
1773 1638 1925 1694 miro
1984 1638 2170 1694 modo
2233 1638 2450 1695 referta

126 1752 273 1813 sunt3
336 1743 652 1799 haereticis
708 1743 887 1803 enim.
961 1758 1112 1815 quos
1159 1743 1463 1799 revincere
1510 1742 1730 1812 studet,
1790 1741 1915 1799 fere
1961 1760 2194 1818 semper
2253 1732 2454 1818 ‘prae-

130 1838 353 1919 scribit',
405 1850 571 1922 quod
618 1851 903 1906 adversus
951 1849 1217 1923 regulam
1273 1850 1561 1924 dogmata
1605 1849 1927 1924 proferant.
2020 1852 2095 1907 cf.
2155 1851 2205 1907 si
2249 1852 2454 1925 placet

118 1958 248 2030 apol.
302 1970 333 2029 7
387 1963 447 2012 et
493 1972 648 2029 quae
696 1953 988 2013 Oehlerus
1037 1955 1115 2011 ad
1161 1954 1322 2012 hunc
1368 1956 1571 2013 locum
1618 1958 1946 2017 adnotavit.

309 2069 558 2119 reatus
634 2064 871 2137 proprie
948 2070 1040 2119 est
1126 2062 1409 2120 condicio
1505 2079 1744 2120 reorum
1832 2064 2136 2137 pendente
2227 2063 2458 2120 iudicio

122 2163 206 2248 (cf.
244 2166 504 2229 Modest.
552 2168 673 2244 dig.
722 2166 825 2243 48,
885 2184 980 2243 19,
1036 2183 1149 2255 ²5?
1200 2169 1367 2231 Paul.
1413 2171 1491 2230 ib.
1542 2169 1648 2243 48,
1701 2185 1801 2239 20,
1857 2184 1914 2243 7,
1977 2186 2032 2239 2;
2082 2168 2457 2245 Hermogen.

120 2276 184 2335 ib.
231 2290 328 2343 20,
390 2292 485 2348 14,
536 2273 640 2349 46,
702 2274 769 2333 6:
819 2276 896 2332 in
941 2283 1149 2333 reatu
1198 2278 1670 2334 constitutus
1717 2278 1907 2335 bona
1953 2295 2086 2334 sua
2131 2278 2457 2335 admini-

123 2390 332 2439 strare
380 2377 681 2463 potest).
774 2382 959 2457 Apud
1003 2382 1181 2439 Afros
1214 2384 1620 2458 imprimisque
1653 2384 2092 2441 ecclesiasticos
2126 2385 2454 2459 scriptores

124 2489 252 2546 haec
282 2509 394 2548 vox
443 2491 625 2546 etiam
654 2509 763 2564 pro
797 2490 925 2564 ipsa
957 2491 1133 2565 culpa
1163 2491 1255 2547 vel
1289 2491 1537 2547 crimine
1570 2492 1877 2566 accipitur.
1973 2490 2138 2552 Tert.
2171 2493 2327 2567 apol.
2380 2506 2451 2564 35

130 2597 179 2650 si
218 2599 540 2654 nominis
588 2598 845 2653 odium
901 2606 1045 2666 est,
1105 2598 1264 2670 quis
1320 2598 1697 2653 nominum
1756 2596 2052 2655 reatus?
2165 2599 2306 2658 idol.
2383 2602 2454 2657 1:

125 2702 238 2759 iam
294 2705 365 2760 in
421 2702 531 2759 his
596 2720 836 2776 aeque
907 2702 1344 2759 idololatria
1412 2704 1499 2758 de
1566 2703 1952 2759 homicidii
2021 2713 2230 2761 reatu
2303 2721 2453 2761 non

124 2809 479 2867 liberatur.
516 2802 567 2890 2)
769 2885 771 2887 p

312 2917 565 2990 refuga
610 2918 772 2990 apud
819 2915 994 2974 ICtos
1043 2926 1135 2974 est
1180 2934 1383 2973 servus
1432 2917 1530 2990 qui
1581 2917 1731 2991 fugit
1793 2911 1868 2997 (e.
1915 2936 2002 2991 gr.
2063 2935 2156 2991 ap.
2208 2917 2456 2992 Ulpian.

126 3024 224 3097 dig.
282 3021 384 3096 48,
456 3038 550 3097 19,
611 3021 669 3093 8,
730 3023 767 3079 ὁ
825 3024 1133 3098 refugae
1190 3042 1271 3079 ex
1328 3040 1551 3098 opere
1606 3025 1892 3080 metalli
1947 3026 2022 3080 in
2077 3025 2454 3081 metallum

128 3129 386 3190 dantur.
478 3130 760 3204 Figurate
808 3129 972 3191 Tert.
1022 3125 1187 3211 (cult.
1237 3130 1273 3190 f.
1321 3130 1349 3186 1
1399 3125 1483 3210 5),
1543 3131 1645 3186 ubi
1701 3131 2078 3188 demonstrat
2136 3149 2346 3188 aurum
2395 3139 2458 3187 et

125 3244 418 3309 argentum
476 3236 621 3293 nihil
680 3254 813 3293 esse
858 3239 973 3294 nisi
1035 3248 1271 3304 terram,
1330 3237 1487 3294 hanc
1548 3245 1768 3294 terram
1823 3239 2097 3295 nominat
2144 3238 2456 3295 ‘metalli

124 3333 507 3424 refugam').

321 3518 358 3581 ¹)
396 3516 632 3570 Hollius:
672 3516 967 3572 Tei-tullian
1023 3519 1106 3571 als
1162 3518 1539 3574 Schriststeller
1596 3518 1654 3571 in
1709 3518 1893 3572 annal.
1951 3517 2260 3572 Borussicis
2323 3516 2462 3571 1897

403 3623 453 3674 p,
510 3604 615 3657 269
667 3605 734 3659 de
781 3607 887 3660 hac
933 3623 1070 3660 voce
1122 3607 1276 3662 dicit:
1336 3608 1439 3673 „Er
1488 3609 1728 3661 versteht
1776 3607 2032 3661 darunter
2079 3606 2166 3660 die
2206 3606 2464 3660 Geltend-

396 3695 672 3764 machung
729 3694 826 3749 des
876 3696 1159 3750 formellen
1209 3697 1423 3762 RechtS,
1477 3713 1577 3750 vor
1627 3695 1722 3750 der
1777 3697 2091 3751 sachlichen
2137 3697 2466 3764 Erorterung

403 3783 491 3837 die
528 3783 918 3853 Bedingungen
957 3784 1053 3838 des
1093 3784 1314 3839 Streites
1352 3785 1764 3839 festzusetzen‚“

320 3873 360 3938 ²)
398 3873 653 3926 Fortasse
707 3871 815 3927 hue
868 3874 1035 3928 etiam
1071 3874 1212 3928 trahi
1250 3874 1375 3929 licet
1403 3867 1791 3943 ‘receptor'‚
1831 3891 1973 3942 quae
2011 3891 2122 3927 vox
2157 3873 2363 3942 passim
2402 3873 2461 3926 in

402 3960 650 4016 ICtorum
686 3961 837 4016 libris
874 3963 1099 4016 obvenit
1130 3964 1298 4027 (velut
1322 3964 1443 4032 Ulp.
1487 3963 1588 4031 dig.
1633 3963 1680 4029 1,
1723 3962 1805 4028 18,
1849 3963 1916 4015 13
1953 3963 2139 4016 fures
2177 3963 2468 4030 conqui-

400 4067 564 4105 rere
632 4055 1175 4120 receptoresque
1241 4068 1495 4106 eorum.
1542 4051 1924 4118 cohibere.)
2017 4051 2236 4104 Praeter
2292 4049 2459 4104 Cicer.

404 4139 513 4193 Mil.
558 4139 638 4206 19,
677 4138 747 4192 50
786 4143 838 4197 et
874 4141 997 4193 Tae.
1039 4157 1167 4194 ann.
1206 4141 1257 4207 5,
1297 4142 1365 4194 23
1394 4140 1746 4194 adnotandus
1773 4145 1854 4194 est
1877 4141 2032 4194 locus
2065 4139 2468 4193 Tertullianeus

402 4233 513 4283 nat.
556 4229 576 4281 I
617 4229 649 4281 2
688 4229 762 4298 (p.
804 4229 887 4290 61,
928 4229 961 4281 5
1000 4230 1110 4298 R.):
1151 4229 1395 4298 quibus
1436 4229 1682 4298 spoliis
1719 4228 1942 4283 sociis
1979 4227 2463 4296 receptoribus,
