3157 4938
1238 262 1679 327 .-.67....

277 445 794 503 Gemeinsamkeit
840 453 976 519 apte
1024 447 1194 502 vertit
1239 439 1618 526 Kellnerus);
1692 464 1813 504 cor.
1878 466 1957 506 m.
2027 445 2101 505 8:
2174 449 2643 522 passivitas

229 553 500 610 'fallit
602 552 1085 609 obumbrans
1193 553 1745 626 corruptelam
1836 549 2377 611 conditionis'
2476 556 2641 628 quod

278 658 574 717 Oehlerus
637 660 1059 733 interpretatus
1124 667 1248 715 est:
1313 655 1861 732 ‘promiscuus
1924 678 2187 717 rerum
2257 678 2446 718 usus
2520 662 2644 718 vel

278 767 878 841 frequentati0‚
956 766 1425 839 promiscua
1495 755 2005 840 frequentia.'
2127 766 2303 824 Plura
2372 769 2643 842 exempla

276 872 575 930 Oehlerus
622 873 703 929 ad
749 870 913 927 hunc
960 871 1164 928 locum
1211 873 1534 946 congessit.

493 979 1012 1054 pompaticus
1061 979 1423 1035 vocabulum
1469 996 1633 1035 mere
1679 978 2033 1036 Africanum
2081 979 2266 1038 fuisse
2329 980 2645 1037 verisimile

275 1095 399 1155 est;
451 1085 528 1142 cf.
562 1085 765 1145 Front.
813 1087 892 1142 ad
923 1084 1111 1142 Mare.
1161 1083 1335 1144 Caes,
1382 1084 1468 1140 111
1525 1083 1600 1141 16
1652 1104 1900 1160 nuper
1948 1088 2322 1160 coepisti
2370 1088 2646 1162 legere

280 1200 612 1250 ornatas
685 1201 760 1249 et
827 1194 1332 1266 pompaticas
1403 1194 1860 1262 orationes;
1936 1193 2111 1267 Apul.
2175 1201 2317 1253 met.
2396 1209 2491 1263 10,
2564 1209 2644 1267 29

279 1301 750 1374 pompatico
800 1299 1076 1356 favore
1122 1282 1518 1368 deducor3
1585 1297 1751 1359 Tert.
1815 1301 1938 1357 cult
2009 1300 2046 1360 f.
2103 1297 2160 1355 11
2221 1314 2257 1373 9
2319 1302 2386 1357 si
2453 1318 2645 1375 quas

281 1400 694 1487 (feminas)
744 1407 951 1464 ratio
1000 1407 1427 1481 compellit
1473 1408 1589 1463 ita
1644 1407 2157 1481 pompaticas
2213 1402 2645 1482 progredi3

281 1512 415 1574 Val.
483 1511 588 1569 16:
662 1514 776 1571 ibi
847 1515 1159 1570 demum
1233 1515 1587 1570 adventu
1657 1513 2122 1588 pompatico
2188 1515 2371 1572 eius
2444 1532 2645 1572 con·

280 1637 540 1680 cussa

497 1735 928 1802 suspectus
1000 1743 1180 1784 sensu
1260 1727 1457 1784 activo
1532 1745 1643 1801 pro
1722 1729 2019 1803 suspicaci
2098 1747 2134 1785 a
2210 1729 2413 1803 primis
2486 1727 2647 1786 Afris

281 1842 632 1909 usurpatum
699 1843 807 1904 est,
843 1829 892 1908 ¹)
972 1834 1132 1890 velut
1193 1833 1270 1890 ab
1332 1833 1507 1906 Apul.
1570 1843 1709 1894 met.
1791 1849 1849 1907 9,
1914 1849 2023 1904 20;
2098 1833 2265 1894 Tert.
2312 1836 2471 1908 apol.
2528 1850 2644 1892 21:

282 1960 375 1998 ne
436 1942 832 2015 discipuli
897 1940 1116 1997 furto
1201 1940 1525 2011 amoliti
1618 1941 1963 1997 cadaver
2041 1941 2433 1999 fallerent
2512 1959 2641 1998 su-

283 2056 645 2122 spectos3
709 2049 852 2108 cult.
903 2048 941 2106 f.
989 2047 1044 2103 11
1091 2064 1129 2120 4
1180 2063 1283 2104 ex:
1334 2047 1521 2121 quid
1566 2048 1826 2121 gestis
1883 2056 2017 2105 aut
2064 2057 2468 2123 suspecto
2516 2057 2650 2106 aut

284 2173 445 2210 non
515 2155 1032 2210 desideranti
1101 2151 1470 2228 placere?
1588 2151 1721 2214 Val.
1797 2168 1906 2211 21:
1986 2157 2387 2229 quomodo
2458 2174 2647 2230 ergo

281 2262 509 2317 solus
605 2260 766 2316 sibi
871 2260 1338 2329 videbatur,
1443 2261 1607 2317 etsi
1716 2278 1873 2318 non
1965 2270 2282 2332 certuS,
2379 2264 2648 2320 saltim

281 2375 733 2441 suspectus
782 2367 876 2423 de
922 2367 1200 2441 aliquo
1252 2365 1778 2424 factitatore?

499 2474 760 2533 Claudat
805 2493 1022 2549 agmen
1068 2476 1443 2549 participium
1501 2490 1767 2531 vacan
1799 2491 1859 2543 S,
1925 2477 2090 2548 quod
2138 2473 2301 2535 Tert.
2366 2476 2464 2533 hic
2527 2479 2645 2535 illic

283 2590 350 2638 ut
395 2582 756 2639 adiectivum
795 2566 1055 2638 fvacuus’
1085 2574 1132 2659 2)
1183 2600 1290 2655 pro
1331 2572 1560 2637 ‘inanis'
1615 2580 1893 2650 adhibet;
1945 2584 2217 2656 exemplo
2251 2582 2326 2638 sit
2359 2584 2520 2640 ieiun
2559 2586 2636 2641 11

283 2693 373 2747 in:
416 2685 583 2745 ‘eos
633 2689 1189 2757 retundamuS,
1249 2689 1380 2761 qui
1425 2687 1619 2742 haec
1667 2688 1891 2743 velut
1948 2691 2336 2745 vacantia
2394 2690 2645 2747 infir-

285 2786 524 2857 mant.'
621 2796 789 2853 Idem
837 2813 982 2852 usus
1039 2796 1392 2852 observatur
1452 2795 1614 2867 apud
1672 2790 1826 2850 Gell.
1889 2792 1947 2863 6,
2014 2809 2070 2867 5,
2131 2793 2167 2851 6
2232 2786 2651 2854 ‘vacantia

285 2922 374 2962 ac
422 2919 579 2961 non
627 2903 1106 2961 necessaria
1154 2890 1574 2959 excidere.'

507 3026 560 3071 2.
608 3007 822 3072 Verba.

502 3117 782 3174 Adnecto
832 3118 1216 3175 substantivis
1267 3124 1326 3172 et
1373 3116 1683 3172 adiectivis
1732 3132 1894 3171 nunc
1956 3114 2149 3183 verba,
2202 3132 2356 3188 quae
2413 3117 2651 3190 propria

290 3224 411 3278 sint
456 3221 738 3279 Afrorum
784 3224 874 3279 vel
921 3225 1350 3281 nonnullorum
1397 3222 1697 3279 Afrorum.

509 3349 561 3389 a.
612 3328 745 3406 Jam
807 3347 983 3404 supra
1043 3332 1298 3387 vidimus
1363 3331 1680 3404 scriptores
1741 3328 1917 3386 Afros
1982 3346 2321 3385 sermonem
2384 3330 2649 3404 priscum

293 3438 554 3493 imitatos
615 3438 795 3493 verba
849 3455 986 3493 cum
1045 3439 1491 3511 praepositione
1547 3424 1724 3493 ‘cum’
1792 3437 2127 3510 composita
2188 3438 2484 3493 amavisse
2543 3456 2653 3511 pro

291 3543 660 3617 simplicibus
720 3560 961 3617 ponere.
1052 3542 1228 3600 Nunc
1277 3544 1475 3618 aliqua
1541 3562 1677 3600 cum
1740 3543 2158 3617 probabilitate
2219 3544 2493 3599 evincere
2557 3562 2653 3600 me

293 3668 477 3724 posse
524 3667 716 3724 spem,
783 3650 910 3706 aliis
959 3667 1200 3723 quoque
1262 3652 1451 3707 verbis
1515 3651 1863 3724 compositis
1929 3667 2033 3705 eos
2102 3666 2235 3705 esse
2298 3650 2652 3710 delectatos,

514 3824 553 3887 ¹)
591 3822 710 3876 Hoc
749 3838 883 3875 sane
923 3822 1092 3875 etiam
1129 3820 1470 3875 Claudianus
1508 3822 1691 3887 habet,
1732 3823 1827 3890 qui
1865 3821 1989 3875 Afer
2026 3837 2139 3874 non
2179 3825 2290 3875 est:
2340 3821 2403 3874 cf.
2445 3821 2494 3886 8,
2549 3822 2654 3875 278

593 3914 665 3980 (p.
709 3910 814 3965 160
851 3912 934 3977 Β.)
974 3928 1100 3965 neu
1139 3910 1340 3964 dubie
1380 3916 1745 3980 suspectus
1784 3926 1963 3979 agas.

511 4000 552 4067 ²)
592 4000 883 4055 Latissime
929 3999 1083 4069 apud
1128 4000 1263 4053 Tert.
1320 4004 1505 4068 patere
1560 4016 1723 4053 usum
1779 3999 1933 4052 verbi
1990 4012 2238 4051 vacare
2298 4015 2394 4067 pro
2444 3999 2656 4067 ‘super-

592 4107 832 4146 vacuum
871 4090 961 4144 vel
997 4090 1237 4143 otiosum
1277 4084 1411 4143 esse'
1455 4089 1685 4142 adhibiti
1711 4089 1806 4142 vix
1833 4104 1971 4157 opus
2000 4090 2081 4140 est
2107 4087 2372 4154 exemplis
2398 4088 2652 4154 probare.

597 4180 780 4234 Adeas
819 4180 897 4234 sis
935 4179 1174 4233 indicem
1217 4178 1448 4233 Oehleri.
