3157 4938
1536 267 1978 335 „52-

572 481 658 493 —
704 452 1083 524 requirit;
1154 451 1295 507 cult.
1369 452 1408 509 f.
1474 450 1529 507 11
1583 466 1650 525 9:
1721 460 1946 509 tanto
2025 453 2270 509 maior
2358 453 2456 509 fit
2541 456 2938 529 concupi-

572 558 892 626 scentia,
958 565 1260 630 quanto
1328 576 1604 633 magno
1684 554 1792 635 (sic
1871 560 2008 616 cod.
2090 560 2310 633 Agob.,
2389 560 2599 635 reliqui
2668 554 2938 637 ‘magni')

571 663 785 732 fecit3
835 682 932 719 ux.
983 663 1040 719 11
1098 679 1162 721 1:
1212 672 1495 737 quanto
1543 665 1837 722 nubere
1881 666 1956 723 in
2001 667 2313 723 domino
2363 664 2468 745 (se.
2501 668 2721 743 magis)
2770 686 2934 741 per-

567 771 969 844 petrabile
1015 778 1136 827 est
1180 802 1271 813 —
1313 780 1541 828 tanto
1589 772 2092 845 culpabilius
2140 782 2451 831 estnon
2485 775 2934 844 observare;

565 875 703 953 Jud.
762 891 837 933 10
886 885 944 933 et
974 874 1163 933 Mare.
1211 875 1297 932 111
1354 874 1426 934 18
1479 874 2135 957 (sacramentum)
2196 889 2494 953 quanto
2553 882 2933 939 incredi-

566 984 739 1054 bile,
789 991 1011 1040 tanto
1074 985 1311 1059 magis
1384 985 1831 1043 scandalum
1901 986 2228 1042 futurum
2308 1020 2391 1031 —
2469 996 2934 1062 quantoque

566 1091 1073 1165 magnificum,
1125 1100 1349 1148 tanto
1395 1093 1648 1166 magis
1697 1092 2353 1151 obumbrandum.

775 1192 848 1279 β)
895 1206 1031 1255 test.
1081 1217 1179 1257 an.
1232 1213 1265 1272 5
1313 1200 1403 1255 in:
1455 1200 1927 1256 testimonia
1973 1201 2285 1257 animae
2347 1188 2650 1277 quanto
2714 1220 2930 1271 vera,

564 1312 783 1361 tanto
832 1306 1257 1380 simplicia,
1308 1306 1494 1363 Mare.
1542 1306 1599 1361 Π
1649 1307 1764 1362 11:
1833 1316 2127 1379 quanto
2191 1307 2302 1383 (sc.
2351 1303 2572 1390 magis)
2628 1285 2926 1365 malum

563 1412 1009 1481 iniustitia,
1074 1420 1302 1470 tanto
1368 1413 1475 1487 (sc,
1524 1407 1744 1494 magis)
1792 1415 2068 1470 bonum
2114 1414 2462 1483 iustitia;
2526 1423 2652 1472 nat.
2703 1415 2762 1470 II
2822 1431 2928 1473 12:

562 1527 855 1591 quanto
905 1515 1011 1597 (se.
1059 1514 1277 1602 magis)
1326 1520 1641 1577 diffusa
1687 1537 1809 1577 res
1859 1528 2012 1589 est,
2050 1528 2278 1577 tanto
2327 1519 2440 1597 (se.
2474 1520 2686 1600 magis)
2738 1523 2929 1579 sub-

562 1628 1041 1701 stringenda
1088 1627 1308 1683 nobis
1356 1628 1539 1683 erit:
1612 1646 1710 1683 ux.
1761 1625 1900 1699 113
1967 1633 2256 1699 quanto
2322 1620 2436 1706 (sc'.
2501 1626 2715 1707 magis)
2783 1648 2927 1704 po·

560 1740 806 1791 testas
854 1734 1167 1791 vitandi
1218 1734 1408 1802 fuit,
1459 1742 1688 1791 tanto
1737 1730 1842 1808 (sc,
1878 1732 2091 1812 magis)
2144 1734 2486 1791 crimine
2519 1745 2920 1793 oneratur.

772 1860 826 1897 e.
920 1840 1283 1915 Quicunque
1332 1840 1688 1898 Tertulliani
1750 1841 1929 1897 libros
1995 1841 2334 1897 accuratius
2395 1842 2714 1917 perlegerit
2779 1862 2921 1901 eum

556 1956 705 2021 puto
752 1950 1101 2005 miraturum
1148 1966 1284 2006 esse
1330 1963 1502 2008 usum
1550 1949 1678 2005 eius
1725 1942 2106 2025 temporum:
2171 1948 2414 2005 videtur
2472 1950 2634 2006 enim
2678 1950 2757 2007 ab
2805 1956 2921 2009 usu

553 2056 817 2128 priorum
894 2056 1253 2129 scriptorum
1328 2056 1485 2111 adeo
1555 2054 1813 2123 differre,
1908 2063 1973 2110 ut
2049 2055 2143 2109 vix
2221 2063 2446 2111 certam
2522 2056 2921 2131 stabilemque

554 2162 851 2236 rationem
915 2179 1093 2234 quam
1156 2169 1399 2217 secutus
1461 2162 1537 2217 sit
1592 2161 1892 2235 possimus
1955 2178 2219 2218 cernere.
2314 2161 2528 2219 Miram
2572 2163 2736 2219 illam
2782 2182 2916 2238 per-

552 2268 949 2324 mutationem
1014 2275 1075 2323 et
1134 2266 1554 2324 confusionem
1616 2275 1970 2341 temporum,
2036 2284 2191 2341 quae
2251 2268 2414 2342 apud
2475 2269 2625 2326 alios
2675 2286 2917 2344 quoque

554 2375 873 2448 scriptores
930 2372 1210 2431 Afrorum
1278 2375 1564 2431 lectorem
1624 2373 1950 2448 perturbat,
2016 2373 2256 2431 fuerunt
2318 2375 2425 2431 viri
2471 2376 2636 2432 docti
2684 2378 2786 2450 qui
2835 2377 2914 2433 ad

553 2482 820 2538 indolem
880 2489 941 2538 et
987 2482 1384 2539 eruditionem
1430 2481 1714 2538 Afrorum
1778 2483 2109 2539 semiticam
2171 2483 2547 2540 referendam
2610 2492 2910 2557 putarent.

766 2586 1060 2662 Imprimis
1120 2587 1354 2646 Blasius
1418 2585 1809 2667 (Geschichte
1870 2591 1978 2646 des
2041 2588 2275 2646 Irrealis
2335 2591 2417 2645 im
2483 2589 2909 2648 Lateinischen

546 2714 604 2769 p.
658 2710 735 2768 32
786 2713 873 2769 sq.
922 2704 983 2752 et
1028 2680 1548 2754 Geschichtffkles
1596 2696 2182 2771 Plusquamperfekts
2227 2697 2310 2754 im
2362 2695 2491 2753 Lat.
2539 2716 2598 2771 p.
2653 2696 2735 2771 98
2788 2697 2898 2777 sq.)

550 2803 779 2860 studuit
840 2803 1255 2860 demonstrare
1317 2803 1497 2861 Afros
1558 2806 1884 2878 perductos
1948 2805 2152 2878 lingua
2219 2804 2443 2878 punica
2521 2805 2739 2862 subtile
2817 2807 2909 2862 di·

551 2912 809 2966 scrimen
851 2918 1190 2984 temporum
1238 2896 1556 2967 latinorum
1619 2928 1746 2966 non
1809 2911 1929 2967 iam
1986 2911 2264 2967 sensisse.
2359 2909 2560 2968 Docet
2606 2914 2768 2969 enim
2815 2915 2914 2970 ille

546 3018 631 3074 vir
678 3019 895 3074 doctus
957 3019 1021 3072 in
1067 3017 1283 3091 linguis
1346 3017 1630 3074 semiticis
1694 3019 1817 3074 duo
1880 3025 2112 3074 tantum
2174 3025 2446 3091 tempora
2505 3011 2709 3089 fuisse,
2775 3039 2905 3094 per—

549 3125 770 3180 fectum
817 3130 877 3178 et
922 3123 1355 3196 imperfectum,
1405 3139 1660 3197 quorum
1706 3124 1853 3180 illud
1900 3141 2026 3180 non
2073 3125 2269 3180 solum
2307 3132 2544 3199 tempus
2576 3127 2907 3200 perfectum

547 3239 606 3286 et
651 3229 1317 3304 plusquamperfectum,
1379 3247 1584 3286 verum
1647 3231 1826 3286 etiam
1887 3238 2122 3304 tempus
2183 3248 2467 3304 praesens
2516 3240 2577 3288 et
2623 3233 2903 3302 futurum,

545 3337 689 3410 quin
753 3337 932 3391 etiam
992 3344 1262 3410 tempora
1323 3352 1477 3408 quae
1538 3345 1830 3393 vocantur
1898 3337 2158 3406 relativa,
2223 3339 2384 3395 velut
2453 3341 2901 3398 coniunctivum

542 3441 873 3517 imperfecti
921 3451 980 3498 et
1024 3442 1591 3518 plusquamperfecti
1646 3444 1908 3518 potuerit
1962 3445 2308 3517 exprimere,
2372 3445 2490 3502 hoc
2546 3456 2750 3504 autem
2797 3445 2898 3523 (se.

541 3546 977 3627 imperfectum)
1026 3550 1224 3624 ipsum
1272 3567 1511 3622 quoque
1555 3568 1664 3624 pro
1712 3551 2098 3608 coniunctivo
2140 3551 2475 3625 imperfecti
2522 3554 2691 3611 latini
2738 3573 2902 3612 usur·

542 3657 687 3731 pari.
780 3655 955 3726 Quae
1017 3674 1155 3712 cum
1212 3658 1295 3714 ita
1342 3658 1478 3725 sint,
1536 3675 1664 3713 non
1725 3675 1859 3714 esse
1921 3659 2137 3714 mirum
2189 3659 2369 3716 Afros
2433 3678 2572 3717 cum
2635 3669 2900 3737 tempora

540 3763 859 3837 praeterita
928 3763 1381 3821 conturbavisse
1451 3772 1577 3820 tum
1649 3772 1920 3838 tempora
1988 3766 2248 3836 relativa,
2328 3785 2482 3840 quae
2560 3769 2622 3825 in
2701 3770 2899 3844 lingua

537 3871 760 3945 punica
805 3880 864 3928 et
910 3871 1177 3944 perfecto
1224 3879 1283 3927 et
1330 3871 1679 3944 imperfecto
1727 3871 1899 3929 reddi
1946 3874 2269 3945 potuerint,
2319 3890 2562 3948 prorsus
2609 3878 2898 3933 mendose

538 3986 599 4033 et
645 3979 774 4034 sine
820 3978 941 4035 ulla
986 3979 1193 4052 regula
1241 3979 1704 4034 commutavisse
1752 3989 1812 4034 et
1857 3981 2137 4035 variasse.
2244 3978 2478 4037 Blasius
2525 3983 2707 4056 igitur
2753 4000 2893 4038 con·

537 4069 734 4141 tendit
796 4080 876 4162 (et
933 4092 1074 4141 ante
1136 4103 1273 4142 eum
1334 4086 1455 4141 iam
1502 4084 1766 4140 Sittelius
1816 4085 1853 4141 l.
1905 4083 1978 4164 c.)
2045 4087 2332 4160 imprimis
2395 4091 2892 4162 permutationem

537 4193 901 4249 coniunctivi
962 4191 1294 4265 imperfecti
1349 4203 1408 4248 et
1466 4193 2038 4266 plusquamperfecti
2095 4194 2255 4250 Afris
2317 4195 2680 4268 peculiarem
2741 4212 2888 4259 esse,
