3157 4938
1587 288 2026 353 -30—

836 469 1107 541 Quorum
1185 473 1475 528 nonnulla
1550 474 1668 527 iarn
1739 474 1950 547 priscis
2031 474 2416 546 scriptoribus
2504 477 2724 532 usitata
2797 486 2991 542 erant,

622 590 835 653 utpote
912 581 1010 651 qui
1081 580 1192 651 ipsi
1270 596 1507 651 quoque
1586 581 1935 653 gravitatem
2005 589 2063 636 et
2126 582 2560 653 plenitudinem
2626 583 2990 639 elocutionis

621 694 912 743 amarent.
1008 685 1177 742 Haec
1226 685 1371 741 mihi
1418 687 1736 742 adnotavi:

838 810 1359 860 concessare,
1420 794 1583 865 quod
1629 792 1874 850 Plautus
1934 795 2246 867 aliquoties
2297 796 2531 869 scripsit
2597 797 2672 871 (e.
2723 815 2782 869 g.
2835 799 2986 853 asin.

632 917 687 968 2,
745 916 800 968 2,
856 916 933 971 24
999 899 1147 956 Sed
1202 902 1389 972 quid
1450 918 1596 973 ego
1645 900 1772 955 hic
1819 918 2266 975 properans
2316 920 2717 958 concesso
2765 905 2987 976 pedi·

624 1006 847 1078 bus?)
914 1017 1091 1080 atque
1154 1009 1335 1062 etiam
1391 1009 1552 1081 apud
1599 1006 1968 1063 Frontonem
2027 1010 2197 1063 redit.
2296 1007 2459 1091 Tert.
2509 1010 2756 1082 praebet
2804 1010 2986 1065 hacc:

628 1114 821 1170 Prax
880 1117 1231 1189 1.coegit
1278 1124 1351 1170 et
1399 1116 1727 1171 litteras
1774 1117 1998 1187 pacis
2047 1133 2432 1171 revocare
2479 1118 2630 1172 iarn
2679 1118 2986 1172 emissas
3085 1124 3094 1132 '

624 1231 695 1277 et
758 1240 792 1277 a
851 1225 1267 1296 proposito
1330 1222 1981 1294 recipiendorum
2040 1223 2610 1279 charismatum
2667 1240 2983 1279 conces-

624 1347 835 1397 sare,
887 1338 944 1384 et
994 1329 1133 1402 fuga
1183 1328 1219 1384 ὁ
1270 1331 1799 1384 concessavit
1846 1337 2392 1403 praeceptum.

838 1438 1235 1492 condecet
1298 1437 1667 1492 comicorum
1733 1444 1859 1491 erat
1925 1429 2026 1515 (cf.
2095 1435 2283 1495 Plaut.
2348 1436 2564 1509 Amph.
2637 1452 2690 1504 2,
2757 1451 2812 1499 2,
2879 1436 2981 1511 90)

625 1552 686 1598 et
734 1544 808 1599 ab
857 1544 940 1598 eis
992 1542 1363 1599 Tertulliano
1412 1543 1672 1598 affluxit:

836 1668 1054 1723 paen.
1142 1650 1217 1705 11
1300 1668 1473 1705 num
1551 1668 1738 1723 ergo
1817 1650 1893 1705 in
1963 1652 2302 1706 coccino
2390 1658 2463 1705 et
2526 1648 2771 1724 Tyrio
2847 1667 2978 1723 pro

624 1759 967 1813 delictis
1017 1758 1477 1831 supplicare
1540 1774 1682 1812 nos
1747 1755 2193 1812 condecet?
2295 1756 2525 1813 Mare.
2592 1756 2648 1812 II
2721 1755 2792 1812 16
2857 1775 2975 1823 ex:

624 1883 795 1921 eum
842 1866 1008 1938 pati
1059 1866 1485 1921 condecet.

844 1972 1439 2045 conduplicare
1508 1974 1840 2045 priscorum
1903 1972 2259 2045 scriptorum
2334 1972 2532 2045 plures
2601 1972 2970 2037 admiserunt,

627 2079 787 2134 velut
847 2078 1093 2135 Plautus
1158 2077 1236 2155 (e.
1286 2097 1373 2151 gr.
1426 2078 1645 2134 Pseud.
1702 2093 1758 2151 5,
1818 2093 1868 2145 1,
1927 2075 2000 2133 18
2054 2096 2395 2152 corpora
2442 2096 2492 2135 e.
2562 2101 2650 2128 :2
2711 2080 2856 2134 inter
2917 2094 2971 2131 se

625 2184 969 2259 complecti)
1036 2184 1356 2241 Terentius
1421 2184 1683 2258 (Phorm.
1755 2199 1812 2255 3,
1881 2200 1936 2253 2,
1999 2182 2125 2259 31),
2191 2184 2385 2241 Varro
2443 2179 2517 2265 (r.
2575 2204 2621 2241 r.
2685 2200 2739 2253 2,
2797 2178 2858 2262 4)
2920 2191 2969 2238 et

626 2292 795 2348 Tert.
861 2294 968 2348 sibi
1033 2294 1242 2348 ascivit
1302 2302 1421 2365 pat.
1498 2308 1602 2364 14:
1673 2281 1906 2364 ‘quae
1968 2294 2348 2348 amiserat
2411 2292 2966 2367 conduplicata

627 2391 1047 2474 possedit'.
1144 2398 1322 2455 Hanc
1370 2400 1690 2455 lectionem
1739 2400 1974 2455 codicis
2022 2398 2337 2457 Leidensis
2401 2418 2599 2455 veram
2660 2416 2786 2455 esse
2843 2414 2963 2453 cum

625 2504 889 2562 Oehlero
939 2508 1272 2574 consentiO,
1336 2509 1476 2578 quia
1541 2507 1769 2562 codicis
1821 2507 2084 2563 Vindob.
2135 2509 2311 2564 lectio
2355 2498 2956 2582 ‘centuplicata'

624 2615 930 2687 discrepat
977 2631 1113 2669 cum
1162 2613 1323 2669 libris
1374 2616 1578 2671 sacris,

844 2721 1295 2794 complacere
1344 2723 1590 2778 comicis
1639 2723 1926 2794 imprimis
1974 2723 2168 2794 poetis
2217 2729 2275 2776 et
2319 2721 2476 2777 Afris
2525 2722 2818 2794 peculiare
2867 2727 2956 2783 est,

624 2830 726 2901 qui
776 2829 850 2884 ab
897 2829 1009 2883 illis
1062 2828 1314 2883 fortasse
1361 2836 1740 2901 receperunt;
1807 2828 1882 2883 cf.
1934 2835 2166 2901 praeter
2216 2826 2474 2884 Gellium
2533 2841 2628 2901 17‘,
2681 2843 2738 2900 9.
2795 2824 2879 2893 18,
2926 2838 2950 2894 3

630 2936 1069 3010 (consilium
1118 2943 1534 3007 acceptum
1591 2934 1675 2990 ab
1723 2935 2123 2990 universis
2173 2943 2246 2989 et
2296 2936 2799 3008 complacitum
2842 2929 2954 3004 est)

626 3052 687 3098 et
736 3042 909 3115 Apul.
958 3059 1113 3114 mag.
1177 3055 1247 3112 15
1300 3041 1465 3097 Tert.
1516 3050 1635 3115 pat.
1681 3057 1739 3097 1:
1822 3058 1998 3114 opus
2072 3042 2386 3098 domino
2446 3042 2954 3115 complacitum.

846 3166 1285 3222 conspuere
1342 3158 1575 3222 praeter
1637 3148 1914 3204 Plautum
1986 3158 2044 3204 et
2112 3148 2460 3204 Petronium
2529 3149 2711 3204 etiam
2777 3147 2958 3202 Furius

626 3254 951 3311 Bibaculus
1017 3256 1253 3329 scripsit
1322 3273 1416 3328 ap.
1484 3254 1689 3325 Quint.
1753 3253 1808 3324 8,
1870 3255 1926 3323 6,
2003 3269 2072 3328 17
2144 3249 2537 3331 ‘Juppiter
2601 3255 2958 3312 hibernas

626 3379 827 3418 cana
874 3363 1052 3417 nive
1100 3363 1475 3435 conspuit
1523 3354 1802 3434 Alpes’,
1854 3335 2034 3434 quem
2080 3380 2316 3419 versum
2363 3361 2511 3419 Hor.
2563 3371 2656 3420 sat
2701 3362 2842 3434 115,
2891 3357 2954 3429 41
3097 3339 3099 3342 Α

629 3469 878 3524 ridicule
939 3470 1255 3540 detorquet
1314 3487 1423 3542 pro
1485 3486 1636 3524 voce
1693 3463 2120 3543 ‘Juppiter'
2198 3487 2544 3544 supponens
2614 3457 2957 3526 ‘Furius’.

629 3573 1057 3630 Memorandus
1106 3576 1285 3631 etiam
1333 3584 1424 3631 est
1471 3576 1640 3631 locus
1692 3572 2134 3632 Tertullianeus
2192 3595 2289 3633 an.
2345 3592 2426 3649 50
2473 3578 2567 3633 in:
2634 3578 2779 3634 hoc
2838 3574 2962 3630 sti-

628 3683 914 3756 pulata
1006 3690 1121 3737 est
1198 3683 1325 3738 dei
1403 3700 1577 3750 vox,
1673 3682 1818 3738 hoc
1898 3685 2346 3757 spopondit
2438 3703 2692 3753 omne,
2783 3678 2960 3756 quod
3095 3749 3097 3756 Ι

628 3791 1017 3858 nascitur,
1090 3798 1172 3844 ut
1242 3791 1390 3846 iarn
1458 3789 1647 3845 hinc
1711 3808 1865 3846 non
1926 3789 2256 3864 Epicuri
2327 3799 2601 3865 stupor
2671 3790 2958 3848 suffun-
3095 3789 3097 3838 l

624 3899 862 3953 datur
907 3898 1288 3970 negantis
1337 3898 1692 3952 debiturn
1739 3898 1961 3953 istud
2017 3899 2107 3954 ad
2154 3917 2294 3954 nos
2342 3899 2785 3972 pertinere,
2843 3892 2958 3950 sed
3095 3845 3097 3989 Ι

626 4004 1033 4060 haeretici
1123 4005 1370 4078 magis
1441 4001 1864 4060 Menandri
1942 4004 2420 4062 Samaritani
2503 4006 2716 4075 furor
2790 4019 2958 4062 con-

628 4120 966 4185 spuatur
1044 4111 1403 4166 dicentis
1480 4119 1810 4166 mortem
1887 4113 1980 4167 ad
2057 4129 2246 4168 suos
2317 4131 2470 4169 non
2539 4116 2765 4171 modo
2829 4123 2957 4166 non

628 4220 1041 4292 pertinere,
1093 4235 1357 4274 verum
1403 4235 1546 4273 nec
1593 4219 2035 4292 pervenire.
