3157 4938
1527 311 1926 373 ..6.-

1557 488 1800 584 Caput
1853 489 1908 562 Ι.

1204 647 1302 728 De
1359 649 1782 748 graecismis
1840 648 2264 728 Tertulliani.

759 830 1093 901 Vocabula,
1141 849 1295 906 quae
1342 830 1418 888 T.
1470 849 1543 888 ex
1592 829 1826 888 Graeca
1872 831 2077 906 lingua
2132 839 2237 889 aut
2291 834 2464 890 vertit
2511 841 2615 890 aut
2659 835 2911 908 recepit,

547 940 647 997 hic
694 957 1044 996 enumerare
1091 939 1480 1015 supersedeo,
1551 939 1693 1012 quia
1752 940 1830 995 de
1875 939 2005 996 hac·
2034 957 2099 995 re
2142 940 2264 996 iam
2308 937 2718 998 Hauschildus
2767 941 2802 997 l.
2853 959 2911 998 e.

548 1047 738 1104 fusius
801 1046 940 1122 egit,
957 1043 1002 1125 1)
1071 1055 1132 1103 et
1190 1063 1353 1103 nunc
1415 1062 1517 1102 eas
1571 1046 1894 1120 praecipue
1950 1047 2586 1104 constructiones
2643 1047 2909 1114 afferam,

546 1172 700 1229 quae
760 1154 1054 1228 originem
1113 1171 1186 1210 ex
1234 1151 1471 1210 Graeco
1535 1169 1812 1209 sermone
1874 1152 2133 1209 trahunt.
2239 1152 2572 1210 Permultas
2620 1155 2781 1210 enim
2828 1152 2909 1212 T.

546 1268 852 1318 mutuatus
914 1268 1006 1317 est
1065 1261 1157 1317 vel
1219 1278 1292 1316 ex
1340 1259 1726 1334 scriptoribus
1771 1260 2023 1334 graeciS,
2080 1261 2295 1334 quibus
2352 1260 2595 1317 assidue
2657 1261 2907 1329 studuit,

545 1368 637 1425 vel
685 1386 758 1425 ex
804 1367 1087 1425 librorum
1133 1383 1439 1424 sacrorum
1485 1366 1873 1440 translatione
1920 1367 2104 1423 latina
2148 1366 2492 1441 graecismis
2539 1367 2910 1436 abundante,

546 1491 666 1548 qua
708 1475 1003 1534 utebatur.
1023 1466 1071 1554 ²)
1220 1551 1224 1556 ι

757 1580 1080 1650 Nonnulla,
1150 1582 1264 1638 etsi
1330 1582 1450 1638 iam
1511 1581 1678 1655 apud
1730 1580 1879 1637 alios
1941 1581 2259 1655 scriptores
2332 1581 2732 1650 inveniuntur,
2804 1583 2909 1655 qui

545 1685 919 1745 Graecorum
965 1687 1290 1744 imitatores
1337 1686 1582 1743 minime
1626 1687 1879 1760 putandi
1926 1694 2085 1756 sunt,
2134 1705 2285 1762 opus
2334 1688 2444 1744 erit
2488 1687 2585 1745 hic
2618 1694 2910 1762 repetere,

548 1813 688 1852 cum
734 1793 1043 1868 apparebit
1089 1791 1529 1850 Tertullianum
1577 1791 1848 1850 Graecos
1895 1794 2131 1851 imitari.

723 1901 795 1958 ln
839 1901 1001 1958 libris
1043 1898 1464 1957 Tertullianeis
1509 1899 1826 1974 graecismi
1872 1900 1955 1956 ita
2000 1919 2127 1958 non
2166 1901 2553 1975 aequabiliter
2599 1901 2905 1959 distributi

547 2016 707 2076 sunt,
781 2016 848 2065 ut
907 2006 1181 2065 nonnulli
1240 2023 1575 2081 perpaucos
1638 2007 1983 2080 praebeant,
2057 2008 2218 2064 velut
2289 2009 2436 2064 liber
2496 2008 2575 2064 de
2638 2007 2779 2082 fuga
2839 2008 2907 2064 in

545 2114 983 2190 persecutione,
1045 2113 1145 2171 alii
1203 2112 1403 2169 referti
1451 2112 1571 2169 sint
1618 2113 1929 2170 structuris
1982 2115 2234 2188 graeciS,
2296 2121 2364 2171 ut
2407 2114 2554 2172 liber
2600 2114 2677 2170 de
2720 2114 2906 2188 pallio

546 2221 648 2294 qui
693 2222 851 2278 adeo
897 2221 982 2276 eis
1031 2219 1241 2288 scatet,
1299 2227 1367 2275 ut
1412 2236 1486 2275 ex
1535 2218 1774 2276 Graeco
1818 2237 2012 2294 paene
2059 2221 2381 2278 translatus
2428 2218 2701 2278 videatur
2746 2238 2902 2278 esse.

723 2347 814 2402 Ac
879 2346 1137 2420 primum
1211 2344 1456 2418 quidem
1533 2345 1899 2401 enumerabo
1969 2345 2336 2434 graecismos
2406 2345 2486 2401 ad
2566 2343 2905 2401 doctrinam

548 2469 799 2510 casuum
844 2453 1233 2527 pertinentes.

703 2575 756 2655 1)
777 2574 1156 2637 accusativus
1186 2590 1442 2653 graecus
1458 2566 1881 2634 aTertulliano
1908 2575 2387 2650 frequentissime
2412 2582 2472 2631 et
2498 2574 2904 2632 audacissime

550 2691 887 2758 usurpatur.

721 2790 987 2848 Primum
1048 2792 1233 2847 affero
1295 2791 1476 2847 verba
1535 2790 1828 2847 induendi
1885 2798 1945 2846 et
2004 2790 2284 2858 exuendi,
2352 2806 2505 2863 quae
2559 2789 2625 2845 in
2677 2805 2903 2863 genere

543 2899 782 2973 passivo
846 2915 983 2954 cum
1055 2898 1399 2955 accusativo
1461 2898 1581 2953 iam
1636 2914 1673 2953 a
1729 2896 2028 2963 Sallusti0,
2090 2895 2278 2965 Livio,
2345 2894 2582 2965 Tacit0,
2645 2894 2903 2969 Apuleio

544 3005 794 3078 aliisque
842 3011 1068 3061 structa
1115 3012 1286 3061 sunt:

727 3110 1136 3169 Christum
1181 3112 1517 3168 indutus
1565 3127 1630 3167 es
1679 3110 1801 3185 fug.
1860 3124 1965 3178 10;

721 3218 802 3274 in
849 3217 1219 3273 omnibus
1269 3195 1683 3274 Christum
1728 3215 2039 3274 indutis
2086 3233 2201 3273 res·
2251 3233 2371 3272 car.
2427 3213 2527 3273 26.

721 3324 1056 3381 indutus
1103 3325 1478 3398 poderem
1525 3321 2097 3381 sacerdos‘Iud.
2158 3338 2269 3396 14;

723 3427 1134 3508 (domicilium)
1223 3431 1436 3503 quod
1521 3430 2011 3505 superindui
2088 3430 2649 3487 desideramus
2736 3472 2749 3487 .
2812 3473 2824 3487 .
2887 3474 2903 3487 .

542 3538 673 3610 qui
736 3538 982 3596 simus
1039 3538 1118 3594 in
1179 3538 1750 3608 tabernacuIO,
1812 3539 2025 3611 quod
2088 3538 2435 3595 nolimus
2493 3537 2701 3606 exui,
2750 3538 2907 3607 ‘sed

539 3644 817 3718 potius
865 3644 1354 3719 superindui
1399 3662 1513 3702 res,
1564 3662 1685 3703 car.
1736 3659 1857 3718 42;

759 3894 800 3959 1)
837 3892 1105 3946 nonnulla
1141 3892 1366 3960 praebet
1405 3892 1572 3946 etiam
1609 3891 1919 3945 Koffmane:
1979 3891 2297 3948 Geschichte
2336 3889 2433 3943 des
2469 3889 2905 3945 Kirdienlateins

544 3980 778 4047 (Vratisl.
822 3979 978 4048 1879,
1023 3979 1200 4049 1881),
1239 3998 1290 4051 p.
1335 3980 1439 4034 116
1476 3998 1553 4051 sq.

757 4070 799 4137 2)
855 4087 1022 4140 quam
1076 4072 1248 4124 multa
1306 4071 1583 4125 vocabula
1638 4086 1833 4139 graeca
1888 4072 1947 4124 in
1992 4070 2417 4125 Tertullianeum
2474 4083 2785 4123 sermonem
2837 4085 2907 4122 ex

541 4159 680 4213 Itala
715 4176 858 4228 quae
895 4164 1125 4214 vocatur
1169 4160 1528 4214 translatione
1577 4159 2020 4226 redundaverint,
2076 4160 2257 4214 discas
2304 4175 2374 4212 ex
2418 4157 2716 4211 Roenschii
2761 4158 2902 4211 libro

541 4263 668 4303 cum
704 4248 1029 4317 impigritate
1067 4249 1388 4318 conscriptO,
1439 4248 1534 4317 qui
1567 4247 1879 4303 inscribitur
1924 4249 2061 4303 Itala
2106 4248 2221 4303 und
2260 4247 2491 4315 Vulgata
2508 4246 2534 4278 ⁴2
2576 4263 2626 4316 p.
2668 4245 2774 4300 238
2812 4262 2893 4315 sq.
