3157 4938
1242 280 1683 346 -37-

284 464 817 538 deprosapia
861 462 933 519 Is
960 463 1334 520 raelitum
1379 462 1767 540 Judaeus3
1818 472 1939 522 nat.
1987 464 2045 519 ΙΙ
2100 479 2172 520 12
2226 464 2308 538 (p.
2367 478 2488 520 120
2537 455 2644 545 R.)
2743 482 2749 486 ·

283 590 372 629 ea
417 564 689 652 (Sibylla)
753 571 1079 627 senario
1137 587 1374 627 versu
1437 571 1515 626 in
1568 570 1779 628 hunc
1835 587 2158 627 sensum
2213 572 2303 626 de
2350 569 2644 626 Saturni

289 679 656 753 prosapia
701 685 775 734 et
819 677 1048 734 rebus
1095 678 1271 734 eius
1319 678 1668 750 exponit.

494 801 1001 876 prostibulum
1077 802 1240 876 apud
1313 801 1590 857 Plautum
1660 799 1801 874 (aul.
1870 815 1925 868 2,
1984 817 2043 874 4,
2111 798 2177 875 6)
2256 802 2513 857 occurrit
2582 808 2644 857 et

281 901 568 989 Afroszl)
637 907 804 965 Tert.
853 925 1112 982 praescr.
1165 923 1282 980 30:
1352 909 1663 964 immane
1731 909 2247 989 prostibulum3
2314 915 2498 980 spect.
2562 919 2635 980 17

279 1015 448 1088 ipsa
494 1014 737 1072 etiam
780 999 1245 1090 prostibula
1293 1047 1377 1056 -
1423 1015 1502 1070 in
1532 1031 1827 1072 scaena
1857 1013 2371 1089 proferuntur3
2406 1014 2563 1088 apol.
2600 1011 2639 1070 6

271 1109 544 1177 ‘video
613 1130 680 1178 et
748 1123 940 1178 inter
1004 1131 1396 1178 matronas
1467 1129 1705 1195 atque
1781 1121 2275 1195 prostibulas
2356 1120 2641 1177 nullum

280 1228 376 1284 de
423 1227 701 1284 habitu
750 1228 1182 1285 discrimen
1243 1229 1637 1297 relictum,
1700 1229 1803 1285 ubi
1864 1223 2065 1284 tamen
2124 1227 2475 1284 femininum
2536 1245 2643 1284 co·

280 1335 520 1391 dicibus
566 1343 794 1391 tectum
839 1336 1093 1392 videtur.

493 1478 730 1535 rupex
793 1460 1050 1534 primum
1120 1461 1284 1538 apud
1341 1459 1640 1516 Lucilium
1711 1461 1991 1518 obvenire
2062 1459 2296 1515 videtur
2358 1452 2453 1539 (fr.
2508 1455 2635 1531 906

281 1566 485 1648 Baehr·
552 1584 610 1642 p.
697 1564 849 1642 261)
929 1585 1308 1624 varonum
1405 1587 1493 1626 ac
1573 1567 1929 1641 rupicum
2006 1583 2460 1640 squarrosa,
2532 1567 2640 1622 in-

281 1675 618 1730 condita
709 1672 1018 1749 rostra.)
1155 1673 1370 1731 Postea
1458 1681 1685 1730 remeat
1776 1673 1939 1747 apud
2026 1671 2180 1731 Gell.
2274 1687 2371 1745 13,
2460 1687 2516 1745 9,
2601 1687 2637 1746 5

277 1771 448 1836 ‘sed
525 1781 724 1836 enim
800 1788 1110 1836 veteres·
1174 1781 1423 1836 nostri
1500 1797 1654 1837 non
1732 1797 1975 1853 usque
2050 1797 2133 1835 eo
2210 1780 2495 1854 rupices
2567 1788 2643 1836 et

276 1895 630 1961 agrestes
705 1886 1032 1943 suerunt
1131 1894 1312 1959 atque
1415 1905 1543 1944 non
1636 1888 1819 1944 semel
1896 1886 2059 1960 apud
2137 1883 2303 1942 Tert.
2380 1885 2519 1960 pall.
2599 1902 2637 1958 4

281 1985 366 2074 (p.
417 2006 544 2066 934
594 1988 700 2072 O.)
747 1993 883 2053 ille
942 1989 1048 2071 (se.
1103 1993 1392 2070 Achilles)
1461 1995 1661 2068 apud
1721 1992 2041 2068 rupicem
2102 2001 2172 2050 et
2228 1993 2640 2050 silvicolam

275 2107 349 2154 et
402 2109 773 2156 mostrum
834 2101 1350 2170 eruditorem;
1414 2101 1572 2176 apol.
1639 2116 1709 2157 21
1776 2101 1859 2176 (p.
1931 2114 2052 2174 205
2103 2097 2237 2179 O.):
2300 2100 2641 2157 licuerit
2701 2083 2705 2086 ¹

276 2213 351 2262 et
395 2204 692 2263 Christo
741 2209 1222 2266 commentari
1269 2209 1760 2277 divinitatem,
1828 2225 1973 2264 rem
2029 2208 2425 2282 propriam,
2489 2225 2637 2264 non

275 2329 417 2385 qua
470 2299 762 2387 rupices
811 2320 880 2369 et
925 2313 1166 2371 adhuc
1213 2315 1404 2372 feros
1461 2316 1789 2372 homines
1841 2347 1925 2355 —
1972 2315 2061 2370 ad
2112 2309 2670 2370 humanitatem'

277 2425 744 2494 temperaret;
794 2438 892 2478 an.
943 2419 981 2479 6
1047 2415 1131 2501 (p.
1196 2434 1319 2496 307
1369 2421 1472 2497 R.)
1528 2424 1707 2498 quid
1760 2431 2001 2480 autem
2059 2421 2338 2479 facient
2393 2429 2501 2479 tot
2557 2438 2639 2478 ac

276 2533 527 2582 tantae
574 2528 859 2584 animae
904 2531 1237 2603 rupicum
1283 2539 1353 2587 et
1396 2528 1914 2588 barbarorum?

494 2660 856 2721 scortum,
917 2655 1084 2726 quod
1138 2656 1301 2728 apud
1355 2656 1584 2728 priscos
1640 2656 1957 2729 scriptores
2013 2656 2288 2711 servabat
2340 2656 2641 2729 propriam

271 2757 781 2831 significationem
837 2759 946 2822 {z
992 2760 1232 2837 pellem)
1290 2770 1443 2817 teste
1501 2760 1672 2818 Varr.
1736 2762 1773 2822 l.
1820 2763 1855 2822 1.
1910 2776 1965 2835 7,
2017 2776 2051 2833 5
2113 2756 2151 2840 ξ
2202 2759 2283 2835 84
2342 2752 2640 2836 ‘pellem

270 2865 581 2939 antiqui
613 2866 968 2925 dicebant
1000 2861 1359 2938 scortum’‚
1407 2887 1546 2925 cum
1594 2878 1807 2944 postea
1849 2870 2268 2926 tantummodo
2315 2870 2394 2926 de
2439 2869 2639 2944 puella

273 2971 519 3045 publica
564 2974 880 3043 diceretur,
930 2973 1337 3033 Tertullianus
1384 2977 1447 3032 in
1494 2977 1644 3033 libro
1690 2976 1769 3033 de
1797 2976 1981 3045 pallio
2014 2994 2145 3050 cap.
2182 2992 2220 3049 4
2257 2974 2338 3051 (p.
2369 2990 2492 3049 937
2526 2968 2639 3057 O.)

270 3079 474 3152 prisco
529 3080 631 3137 illo
687 3098 866 3139 sensu
928 3100 1054 3139 non
1111 3083 1332 3139 veritus
1395 3091 1489 3139 est
1541 3100 1855 3156 usurpare:
1936 3074 2198 3155 ‘qualis
2257 3082 2383 3137 ille
2441 3080 2638 3138 Her-

270 3185 481 3242 cules
573 3187 645 3243 in
723 3188 975 3245 serico
1053 3186 1454 3263 Omphales
1550 3170 1795 3257 fueri-t,
1888 3189 2025 3245 iam
2110 3186 2473 3263 Omphale
2565 3191 2637 3244 in

273 3288 622 3351 Herculis
671 3304 920 3351 scorto
967 3296 1359 3370 designata
1405 3287 1848 3371 descripsit’.

491 3434 904 3476 succussus
974 3420 1094 3475 iam
1162 3421 1226 3477 in
1291 3420 1532 3478 Pacuvii
1595 3420 1939 3495 fragmentis
2000 3422 2287 3495 reperitur
2351 3420 2447 3497 (tr.
2510 3435 2631 3496 257

272 3524 762 3597 pedetentim,
834 3526 1103 3599 inquit,
1175 3528 1302 3597 ite,
1375 3536 1442 3584 et
1512 3530 1769 3585 sedato
1845 3528 2037 3597 nisu,
2115 3546 2203 3585 ne
2280 3545 2636 3586 succussu

270 3617 603 3705 arripiat
660 3633 894 3690 maior
951 3633 1192 3706 dolor)
1249 3641 1310 3701 et
1364 3634 1673 3691 revivescit
1727 3634 1974 3692 demum
2026 3634 2191 3709 apud
2246 3634 2421 3709 Apul.
2493 3642 2635 3693 met.

275 3752 337 3809 3,
391 3754 461 3795 21
533 3728 874 3797 ‘membra
930 3739 1242 3796 tremulo
1303 3758 1671 3799 succussu
1730 3732 1981 3815 quatit’
2056 3752 2115 3798 et
2174 3739 2340 3798 Tert.
2402 3760 2499 3802 an.
2552 3756 2635 3815 49

271 3845 369 3901 in:
433 3846 1101 3903 animadvertant
1163 3864 1610 3905 succussus
1673 3858 1748 3905 et
1809 3858 2049 3905 nutus
2113 3857 2187 3905 et
2248 3848 2635 3907 reniden-

276 3954 432 4010 tias
481 3970 752 4010 eorum
799 3946 911 4033 (se.
960 3949 1326 4035 infantium).

492 4217 532 4280 1)
570 4215 633 4269 cf.
673 4216 841 4270 etiam
878 4216 1078 4271 Arnob.
1119 4216 1168 4282 6,
1213 4214 1279 4269 13
1318 4216 1411 4285 qui
1450 4215 1517 4269 de
1554 4215 1775 4285 pathico
1814 4216 1921 4271 hac
1957 4190 2091 4271 voce
2126 4217 2309 4273 utitur.
