3157 4938
396 1383 473 1454 Q.
568 1385 834 1460 Septimii
880 1387 1175 1445 Florentis
1210 1388 1564 1449 Tertulliani
1611 1411 1793 1466 opera
1841 1396 2048 1467 quanti
2093 1399 2383 1454 momenti
2416 1400 2535 1457 sint

170 1511 301 1548 non
350 1493 546 1548 solum
593 1494 673 1549 ad
718 1494 1028 1551 historiam
1076 1498 1365 1553 ecclesiae
1390 1495 1767 1556 Christianae
1797 1502 2121 1574 primorum
2155 1506 2534 1562 saeculorum

172 1602 690 1673 cognoscendam,
725 1603 832 1657 sed
864 1604 1042 1659 etiam
1090 1605 1167 1659 ad
1216 1610 1551 1660 sermonem
1585 1607 1942 1679 scriptorum
1971 1608 2255 1666 Afrorum
2293 1612 2532 1685 penitus

168 1707 679 1781 perspiciendum,
743 1727 779 1764 a
832 1712 1073 1766 nemine
1126 1711 1336 1768 harum
1392 1730 1590 1769 rerum
1644 1714 1833 1787 perito
1879 1716 2202 1788 ignoratur.
2294 1716 2535 1776 Eminet

170 1814 336 1870 enim
368 1813 778 1873 Tertullianus
824 1818 977 1873 inter
1009 1818 1325 1891 scriptores
1358 1820 1800 1877 ecclesiasticos
1832 1822 2143 1896 multiplici
2175 1826 2530 1896 eruditione,

169 1922 416 1996 egregia
462 1923 711 1979 scientia
756 1941 952 1979 rerum
1000 1924 1333 1982 divinarum
1380 1935 1559 1999 atque
1590 1927 2004 1998 humanarum,
2053 1932 2202 1987 mira
2250 1932 2532 1990 facultate

170 2038 230 2085 et
279 2030 576 2103 sagaciter
620 2032 953 2089 meditandi
1008 2040 1067 2087 et
1115 2033 1405 2089 subtiliter
1467 2035 1807 2108 diserteque
1862 2037 2200 2110 eloquendi,
2260 2040 2532 2113 diligenti

170 2138 452 2195 doctrina
512 2138 808 2195 rhetorica
872 2148 932 2195 et
986 2142 1319 2198 dialectica.
1423 2141 1656 2199 Primus
1715 2141 2121 2201 Tertullianus
2193 2163 2531 2204 sermonem

168 2246 410 2319 proprie
456 2246 845 2303 christianum
893 2248 1093 2317 finxit;
1142 2248 1391 2305 Minucii
1438 2250 1600 2306 enim
1647 2250 1862 2307 Felicis
1905 2250 2211 2320 OctaviuS,
2261 2255 2362 2327 qui
2411 2254 2532 2311 fere

173 2354 339 2409 solus
365 2354 687 2423 antecedit,
739 2354 787 2410 si
835 2372 1040 2411 revera
1083 2364 1225 2413 ante
1250 2356 1687 2414 Tertullianum
1735 2359 2109 2433 conscriptus
2159 2368 2268 2428 est,
2315 2362 2531 2417 mirum

172 2469 266 2516 est
313 2479 492 2534 quam
537 2481 732 2536 pauca
779 2464 1085 2521 contineat
1141 2466 1218 2521 de
1266 2463 1743 2524 Christianorum
1798 2468 1890 2522 vel
1947 2468 2223 2525 doctrina
2285 2471 2375 2526 vel
2438 2471 2529 2526 di-

171 2569 441 2643 sciplina.
499 2568 576 2626 Et
622 2572 684 2626 in
732 2588 1008 2627 sermone
1055 2581 1120 2628 ut
1166 2571 1467 2630 Minucius
1518 2573 1875 2630 Ciceronem
1923 2575 2204 2645 imitatur,
2255 2577 2337 2632 ita
2383 2575 2440 2634 T
2444 2595 2536 2632 er·-

172 2678 457 2734 tullianus
506 2695 678 2735 suum
712 2678 821 2733 sibi
853 2680 983 2752 ipse
1015 2681 1261 2753 peperit.
1330 2679 1736 2736 Perscrutanti
1768 2689 1969 2737 autem
2002 2684 2166 2738 unde
2199 2700 2538 2739 sermonem

176 2784 567 2842 christianum
599 2787 1066 2862 locupletaverit,
1118 2788 1246 2843 sine
1291 2805 1510 2861 magna
1542 2805 1725 2860 opera
1757 2796 1876 2843 tres
1913 2788 2108 2844 fontes
2142 2791 2533 2862 reperientur:

173 2893 377 2966 lingua
422 2911 659 2966 graeca,
709 2912 905 2951 sermo
957 2895 1228 2963 forensiS,
1279 2912 1493 2963 sermo,
1544 2896 1644 2968 qui
1677 2894 1837 2951 Afris
1878 2896 1942 2950 in
1975 2912 2086 2952 usu
2117 2904 2263 2951 erat.
2339 2895 2536 2968 Atque

174 3018 245 3055 ex
303 3000 511 3074 lingua
578 3019 794 3074 graeca
862 3011 1135 3058 nostrum
1210 3002 1427 3058 multas
1506 3002 1784 3057 notiones
1861 3002 2170 3075 multaque
2241 3003 2534 3058 vocabula

174 3108 519 3180 repetivisse
565 3125 690 3164 non
736 3117 827 3164 est
874 3126 979 3165 cur
1024 3109 1323 3165 miremur.
1427 3107 1547 3165 Illis
1597 3109 1757 3164 enim
1819 3106 2186 3181 ‘temporibus
2234 3108 2536 3178 Afrorum,

175 3215 273 3287 qui
327 3217 487 3272 bene
544 3217 757 3272 eruditi
814 3223 1001 3286 erant,
1068 3217 1250 3272 latine
1316 3224 1375 3272 et
1428 3234 1645 3290 graece
1700 3233 1825 3278 non
1882 3216 2076 3272 solum
2139 3217 2538 3289 loquebantur

176 3325 281 3378 sed
312 3324 495 3379 etiam
550 3322 907 3380 scribebant.
1004 3321 1155 3392 Quis
1202 3324 1394 3380 nescit
1434 3323 1756 3380 Frontonis
1804 3341 1931 3381 non
1977 3341 2201 3397 paucas
2249 3324 2533 3397 epistulas

175 3448 388 3503 graece
435 3430 683 3504 scriptas
738 3431 819 3486 ad
865 3447 978 3486 nos
1034 3432 1271 3488 venisse
1318 3438 1376 3486 et
1440 3423 1485 3508 1)
1500 3430 1820 3504 Apuleium
1876 3429 2112 3504 saepius
2170 3429 2408 3503 gloriari
2467 3447 2532 3485 se

176 3547 426 3612 utraque
472 3537 675 3611 lingua
721 3535 843 3621 uti?
921 3535 1358 3594 Tertullianum
1404 3555 1543 3593 vero
1590 3538 1684 3592 vix
1732 3553 1883 3610 opus
1932 3545 2023 3592 est
2068 3554 2539 3593 commemorare

181 3645 512 3718 complures
561 3645 741 3700 libros
788 3645 921 3718 ipso
969 3652 1123 3700 teste
1168 3662 1382 3718 graece
1430 3645 1889 3718 conscripsisse.

389 3751 598 3808 Sermo
662 3751 883 3806 deinde
943 3751 1196 3807 forensis
1259 3752 1415 3806 adeo
1464 3749 1838 3807 Tertulliano
1895 3751 1959 3806 in
2017 3767 2229 3806 sucum
2291 3757 2350 3804 et
2397 3767 2535 3805 san-

178 3860 437 3932 guinem,
486 3867 553 3915 ut
599 3859 681 3915 ita
728 3859 945 3924 dicam,
995 3857 1247 3926 transiit,
1298 3865 1362 3912 ut
1409 3858 1537 3912 libri
1585 3857 1731 3925 eiuS,
1795 3859 1894 3929 qui
1953 3863 2185 3912 scatent
2232 3855 2539 3911 vocabulis

377 4051 415 4116 ¹)
471 4049 533 4102 cf.
574 4049 695 4102 flor.
738 4046 895 4114 18,86
932 4063 1044 4100 vox
1080 4063 1207 4099 mea
1243 4052 1473 4116 utraque
1509 4047 1696 4115 lingua
1731 4047 1928 4100 vestris
1966 4045 2191 4099 auribus
2228 4044 2399 4113 probe
2448 4060 2540 4098 co-

181 4139 347 4206 gnita3
388 4141 530 4208 apol.
558 4139 627 4191 36
667 4153 793 4191 cum
831 4136 1138 4190 ordinatius
1167 4141 1220 4189 et
1238 4137 1527 4190 cohibilius
1565 4136 1762 4189 eadem
1799 4151 1987 4204 graece
2017 4140 2070 4188 et
2105 4135 2274 4188 latine
2312 4133 2538 4188 adnitas

183 4228 537 4282 conscribere.

2216 4316 2250 4376 1

1163 4487 1708 4613 153951
