3157 4938
1197 311 1639 376 ..57-

444 494 905 550 invalitudo
971 487 1103 575 (T.)
1156 493 1290 552 Val.
1360 509 1475 552 21:
1542 496 1636 551 de
1703 497 2190 554 animalibus
2256 499 2585 556 scilicet

231 619 479 659 censu
526 601 1117 658 invalitudinis
1167 601 1593 677 spiritalia
1638 603 2074 673 accedere;

441 708 915 765 involuntas
997 690 1068 788 (οἱ
1142 699 1203 788 λ)
1275 709 1434 783 apol.
1507 723 1622 784 45:
1686 697 1808 766 ‘ex
1885 705 2432 768 involuntate'
2518 731 2591 770 ex

231 813 577 873 coniectura
665 815 908 889 Rigaltii
1001 823 1060 872 et
1149 814 1402 884 Latinii;
1499 812 1796 874 Oehlerus
1890 817 2176 875 codicum
2268 819 2591 877 lectionem

231 922 453 997 recepit
495 917 588 978 'ex
635 912 952 980 voluntate'
983 941 996 991 ;

441 1029 1029 1104 irrecogitatio
1080 1019 1152 1112 (ci.
1203 1022 1263 1109 λ)
1329 1030 1463 1088 exh.
1522 1038 1673 1089 cast.
1748 1048 1787 1104 4
1850 1031 2118 1106 ‘quasi
2185 1033 2590 1110 irrecogi-

231 1135 620 1193 tationem
667 1154 1051 1194 excessus
1100 1139 1222 1194 sui
1256 1127 1554 1211 passa';
1607 1139 1717 1194 sed
1750 1137 1909 1194 hanc
1943 1139 2227 1197 codicum
2262 1141 2586 1198 lectionem

229 1241 522 1300 Oehlerus
591 1246 835 1318 respuit,
905 1243 1246 1318 praeferens
1317 1244 1727 1302 coniecturam
1791 1243 1995 1331 Ursini
2058 1245 2229 1303 ‘iam
2298 1249 2589 1322 recogi-

231 1338 640 1407 tationem’.

441 1477 499 1534 b.
550 1475 807 1533 Constat
852 1477 1076 1533 deinde
1131 1478 1295 1551 apud
1355 1478 1717 1552 posteriores
1777 1477 2099 1552 scriptores
2162 1477 2381 1552 latinos
2448 1474 2591 1540 Sub·

227 1579 479 1642 stantiva
528 1579 787 1644 verbalia
836 1580 891 1642 in
941 1615 1024 1628 —-
1071 1583 1173 1643 tor
1217 1584 1279 1644 et
1324 1617 1409 1628 —
1454 1582 1574 1645 trix
1622 1580 1951 1644 desinentia
2021 1585 2213 1659 magis
2276 1583 2592 1659 magisque

227 1705 590 1758 accrescere,
653 1706 808 1764 quae
867 1691 1048 1746 verba
1107 1692 1220 1748 etsi
1268 1710 1394 1749 non
1438 1692 1676 1766 proprie
1736 1692 1817 1747 ad
1864 1691 2219 1749 africitatem
2265 1691 2587 1766 pertinent,

230 1814 368 1852 cum
427 1796 549 1853 iam
595 1797 657 1852 in
718 1805 1004 1871 argentea
1060 1797 1351 1855 latinitate
1411 1799 1883 1866 increbrescant,
1947 1806 2149 1854 tamen
2204 1799 2369 1871 quod
2430 1799 2591 1872 apud

227 1903 458 1960 nullum
504 1903 859 1978 scriptorem
905 1911 1074 1960 tanta
1120 1922 1329 1961 eorum
1375 1905 1615 1962 ubertas
1649 1913 1758 1973 est,
1810 1913 2037 1978 quanta
2069 1905 2231 1979 apud
2264 1904 2590 1979 Apuleium

229 2017 290 2066 et
319 2008 775 2076 Tertullianum,
825 2028 896 2068 ea
943 2011 1156 2067 saltem
1205 2029 1518 2068 recensere
1565 2012 1761 2081 liceat,
1812 2028 1967 2085 quae
2013 2013 2177 2087 apud
2225 2010 2373 2069 istos
2423 2011 2589 2067 solos

229 2117 322 2173 vel
366 2117 590 2192 primos
637 2117 914 2175 videntur
961 2135 1295 2175 occurrere.
1394 2115 1510 2196 (De
1555 2120 1805 2177 vocibus
1854 2137 1891 2176 a
1923 2117 2300 2176 Tertulliano
2348 2119 2586 2175 novatis

231 2224 351 2280 iam
397 2243 435 2281 a
481 2223 817 2282 Schmidtio
863 2225 1234 2300 disputatum
1281 2220 1418 2305 est.)

447 2350 794 2418 dilector,
866 2351 1032 2423 quod
1090 2349 1266 2424 Apul.
1327 2351 1457 2408 flor.
1519 2366 1556 2424 9
1631 2337 1913 2429 (atque
1981 2369 2118 2425 ego
2187 2368 2293 2406 me
2361 2350 2595 2406 dilec-

232 2464 459 2514 torem
519 2465 717 2515 tuum
773 2450 1170 2538 profiteor)
1230 2457 1482 2528 induxit,
1554 2466 1861 2533 receptum
1934 2466 2027 2516 est
2094 2476 2131 2514 a
2192 2454 2358 2516 Tert.
2408 2453 2595 2514 Marc·

232 2563 317 2621 IV
368 2579 446 2637 23
495 2565 968 2639 parvulorum
1014 2565 1360 2622 dilector.

443 2691 945 2765 improbator
1004 2691 1230 2763 primus
1293 2689 1473 2763 Apul.
1539 2690 1620 2745 de
1682 2690 1800 2745 deo
1862 2689 2029 2745 Socr.
2088 2687 2161 2746 16
2224 2689 2448 2745 dixisse
2511 2690 2595 2744 vi·

230 2800 440 2855 detur:
531 2789 954 2854 ‘malorum
1044 2796 1577 2871 improbator,
1665 2795 2046 2852 bonorum
2136 2787 2594 2869 probator’3

231 2907 392 2963 idem
437 2906 591 2961 redit
621 2888 992 2979 apud.Tert.
1027 2911 1148 2978 pat.
1187 2917 1220 2977 5
1274 2904 1352 2976 (p.
1392 2902 1518 2977 598
1554 2900 1659 2974 O.)
1703 2897 1934 2959 ‘talis
1982 2902 2228 2977 igitur
2275 2911 2597 2959 excetra

231 3012 720 3069 delictorum
767 3028 900 3067 cur
945 3027 1096 3066 non
1143 3011 1531 3066 dominum
1563 3008 2596 3083 offendatimprobatorem

231 3105 663 3175 malorum’.

447 3242 870 3299 insecutor
915 3241 1206 3316 reperitur
1251 3248 1312 3298 et
1356 3241 1519 3315 apud
1549 3240 1726 3315 Apul.
1770 3249 1909 3298 met.
1950 3254 2005 3313 7,
2060 3255 2092 3296 2
2141 3234 2328 3315 ‘quo
2376 3240 2595 3297 velo-

231 3350 407 3406 cius
456 3347 1485 3406 frustatisinsecutoribus
1527 3347 1812 3421 procul
1845 3365 1933 3403 ac
1963 3348 2248 3421 procul
2281 3347 2598 3404 abderet

231 3446 436 3514 sese'
511 3462 572 3511 et
639 3456 798 3529 apud
861 3452 1028 3511 Tert.
1094 3455 1249 3529 apol.
1302 3469 1335 3529 5
1395 3455 1649 3511 ‘tales
1710 3471 2017 3529 semper
2078 3453 2313 3511 nobis
2375 3454 2595 3510 inse-

233 3571 597 3629 cutoreS,
645 3564 974 3625 iniusti,
1024 3551 1295 3635 impii’.
1984 3565 1987 3569 '

449 3686 923 3743 oblectator
987 3686 1240 3759 legimus
1285 3686 1448 3759 apud
1495 3684 1673 3760 Apul.
1724 3685 1853 3743 fior.
1916 3700 1987 3759 17
2048 3685 2212 3743 ‘hic
2260 3679 2592 3767 (Arion)

232 3794 879 3851 misericordium
941 3792 1384 3849 belluarum
1447 3783 1931 3850 oblectator'
2000 3802 2060 3849 et
2108 3792 2275 3851 Tert.
2339 3809 2462 3848 cor.
2510 3808 2592 3848 m.

234 3901 276 3959 8
323 3919 430 3959 ex:
473 3890 710 3957 'deus
759 3900 1217 3956 oblectator
1264 3898 1613 3955 hominis
1663 3901 1804 3956 sui.

447 4033 926 4101 prospector
990 4023 1229 4098 scripsit
1289 4024 1466 4098 Apul.
1526 4024 1606 4079 de
1652 4022 1770 4080 deo
1819 4022 1985 4079 Socr.
2046 4021 2159 4080 16:
2216 4023 2454 4080 ‘deus
2518 4021 2599 4079 in

233 4134 469 4190 rebus
533 4131 862 4190 incertis
938 4119 1479 4206 prospector’,
1561 4128 1727 4187 Tert.
1786 4138 1941 4187 orat.
2012 4130 2044 4187 1
2126 4128 2357 4186 'deus
2413 4147 2597 4204 pro-

235 4247 554 4315 spector
598 4239 1109 4296 humanarum
1155 4231 1772 4295 necessitatum’
1828 4236 1905 4293 cf.
1956 4236 2141 4294 Mare.
2193 4234 2279 4291 IV
2330 4250 2430 4308 34.
