3157 4938
1559 320 2001 387 —54—

805 508 942 581 pall.
996 508 1066 563 1:
1118 507 1411 562 civitas
1460 515 1750 580 suopte
1780 507 2125 563 arbitrio
2158 515 2464 563 mutare
2493 508 2953 581 properavit,

590 621 672 671 ut
733 614 1158 688 adpulsum
1219 612 1685 687 Scipionem
1746 621 1926 671 ante
1995 615 2138 670 iam
2207 616 2300 669 de
2367 613 2653 671 habitu
2728 615 2946 671 salu·

588 728 882 790 tasset‚
947 720 1372 776 Romanum
1434 738 1856 794 praecoca.
1957 720 2124 777 Voce
2177 709 2374 789 'ante'‚
2438 738 2594 794 quae
2657 721 2952 795 significat

593 835 761 885 ‘ante
808 828 1130 901 adpulsum
1178 816 1531 900 Scipionem'
1593 828 1873 883 effectum
1921 836 2014 884 est
2058 836 2125 883 ut
2170 828 2530 884 scriberetur
2573 816 2945 895 'salutasset’,

586 951 714 991 non
758 965 848 977 —-
892 935 1059 1006 quod
1120 940 1431 1007 exspectes
1496 966 1581 975 --
1621 922 1644 963 ·‘
1657 924 1974 991 salutaret’.
2078 933 2300 991 Iniuria
2365 944 2676 1008 praeterea
2721 933 2954 991 Blasius

590 1034 805 1120 (qupf.
857 1058 914 1113 p.
967 1037 1098 1116 99),
1126 1040 1325 1097 attulit
1372 1057 1568 1114 scorp.
1624 1039 1661 1096 ὁ
1709 1032 1805 1097 i'n:
1881 1058 1968 1097 ev
1988 1041 2108 1096 uls
2128 1059 2246 1097 um
2307 1041 2512 1096 enim
2558 1040 2951 1098 hominem

590 1148 677 1202 de
724 1146 1035 1203 diaboli
1081 1147 1269 1219 gula
1313 1165 1448 1220 per
1496 1146 1741 1203 fidem
1786 1148 1936 1203 iam
1984 1155 2059 1203 et
2104 1164 2241 1221 per
2287 1148 2667 1203 virtutem
2715 1148 2950 1203 incul-

590 1260 951 1309 catorem
998 1254 1169 1308 eius
1217 1253 1479 1309 voluit
1526 1249 1634 1330 (se.
1685 1251 1857 1330 deus)
1909 1253 2293 1322 efficere,
2352 1272 2445 1309 ne
2493 1254 2951 1310 solummodo

589 1361 1028 1429 evasisset,
1078 1377 1343 1415 verum
1390 1359 1628 1415 etiam
1675 1360 2072 1416 evicisset
2115 1360 2550 1416 inimicum.

794 1465 970 1523 'Tert.
1040 1466 1627 1540 plusquamperfecto
1697 1467 1896 1535 utitur,
1970 1468 2134 1538 quod
2203 1467 2282 1522 de
2327 1484 2391 1521 re
2437 1474 2594 1535 acta,
2661 1486 2787 1524 non
2829 1468 2946 1524 iam

590 1574 829 1647 agenda
897 1573 1175 1646 loquitur.
1298 1572 1587 1647 Martyrio
1657 1574 1818 1630 enim
1884 1580 2130 1647 peracto
2199 1572 2383 1629 homo
2452 1573 2572 1629 iam
2643 1574 2943 1631 diabolum

591 1696 771 1735 evas
796 1680 857 1735 it
903 1687 976 1735 et
1024 1680 1298 1736 evicit.

574 1762 579 1767 ⁴
802 1785 1164 1859 Saepissime
1239 1785 1405 1843 Tert.
1486 1794 1757 1860 tempora
1831 1804 2008 1860 supra
2087 1788 2398 1843 nominata
2435 1862 2439 1867 ι
2473 1787 2536 1843 in
2628 1788 2944 1844 enuntiatis

590 1893 1109 1950 condicionalibus
1157 1893 1529 1949 confundere
1575 1894 1828 1949 videtur.
1924 1892 2238 1950 Permultis
2293 1894 2454 1949 enim
2510 1894 2661 1951 locis
2697 1896 2936 1951 coniun-

591 2000 780 2056 ctivus
839 1999 1171 2074 imperfecti
1223 2000 1389 2059 iuxta
1466 2001 1915 2056 coniunctivum
1991 1999 2559 2073 plusquamperfecti
2627 2003 2935 2068 invenitur,

591 2104 693 2160 uhi
742 2107 1065 2162 sinceriore
1109 2123 1223 2163 usu
1271 2114 1608 2180 temporum
1654 2108 1936 2162 alteruter
1991 2107 2372 2181 flagitaretur.
2467 2106 2714 2163 Poetica
2768 2122 2936 2179 quae-

590 2211 731 2267 dam
778 2211 1017 2267 libertas
1063 2211 1162 2269 hic
1210 2213 1457 2269 subesse
1504 2214 1754 2282 videtur,
1820 2230 1974 2286 quae
2000 2282 2005 2289 Ι
2021 2230 2094 2269 ex
2152 2213 2495 2270 variationis
2555 2214 2758 2269 studio
2816 2221 2938 2268 orta

590 2324 701 2373 est.
796 2316 951 2373 Nam
1013 2320 1193 2376 etiam
1259 2328 1475 2393 poetae
1537 2320 1829 2389 nonnulli,
1859 2313 1902 2397 l)
1969 2321 2069 2393 qui
2131 2299 2387 2376 minime·
2439 2319 2568 2377 Afri
2631 2327 2816 2387 erant,
2879 2326 2940 2373 ut

591 2424 847 2481 vitarent
892 2427 1342 2484 terminationes
1390 2428 1631 2497 simileS,
1697 2434 2214 2485 commutaverunt
2268 2426 2370 2484 illa
2432 2434 2722 2502 tempora,
2785 2426 2938 2482 unde

593 2531 883 2588 evincitur
928 2534 1010 2590 ad
1065 2535 1396 2591 semiticam
1458 2535 1723 2609 linguam
1786 2535 1902 2591 hoc
1965 2552 2092 2592 non
2151 2535 2466 2608 pertinere.
2562 2533 2638 2590 cf.
2704 2535 2838 2592 cult.
2897 2531 2932 2587 f.

591 2637 619 2692 I
647 2638 679 2693 1
733 2639 829 2694 in:
872 2629 981 2696 ‘Si
1027 2641 1105 2696 in
1152 2642 1399 2698 terris
1446 2650 1900 2699 moraretur
1949 2642 2157 2698 fides
2207 2673 2292 2682 —-
2340 2641 2565 2698 nulla
2596 2649 2932 2697 vestrum

588 2746 1149 2804 —laetiorem
1196 2748 1554 2805 habitum
1614 2781 1686 2790 —
1737 2751 2222 2824 appetisset,
2286 2757 2362 2805 ut
2407 2766 2551 2805 non
2598 2749 2821 2822 magis
2865 2749 2928 2802 in

590 2855 967 2912 sordibus
1042 2864 1327 2930 ageret
1404 2865 1479 2912 et
1562 2859 2024 2930 squalorem
2109 2857 2372 2930 potius
2465 2855 2928 2912 affectaret.

590 2959 996 3018 Memorabilis
1066 2971 1299 3036 praetes
1370 2971 1603 3019 ceteros
1673 2974 1764 3021 est
1835 2949 2002 3020 locus
2074 2964 2173 3036 qui
2243 2969 2439 3019 exstat
2506 2961 2644 3039 Jud.
2709 2977 2740 3018 2
2763 2979 2777 3019 :
2837 2951 2849 2968 “
2873 2959 2928 3016 si

590 3067 995 3124 dominum
1066 3070 1291 3126 deum
1360 3087 1582 3126 suum
1651 3071 2150 3127 dilexissent
2219 3070 2330 3144 (sc,
2381 3069 2581 3126 Adam
2650 3079 2710 3126 et
2775 3065 2928 3142 Eva),

592 3183 880 3231 contra
924 3184 1449 3250 praeceptum
1496 3178 1668 3234 eius
1717 3196 1874 3234 non
1922 3177 2366 3245 fecissent;
2431 3177 2494 3232 si
2520 3177 2926 3250 'proximum

591 3280 1041 3354 diligerent
1073 3313 1155 3323 ——-
1188 3284 1707 3356 persuasioni
1739 3285 2154 3358 serpentis
2187 3301 2343 3339 non
2377 3272 2926 3346 credidissent';

588 3393 726 3460 post
772 3396 1028 3460 quatuor
1072 3390 1656 3464 plusquamperfecta
1714 3391 1938 3448 deinde
2000 3391 2198 3446 subito
2259 3390 2474 3447 iterum
2533 3389 2926 3464 imperfectum

590 3495 840 3568 emergit
900 3487 914 3505 ‘
938 3513 1084 3552 nec
1155 3496 1441 3553 falsum
1508 3499 2025 3555 asseveranti
2093 3498 2426 3554 diabolo
2494 3496 2928 3572 participes

590 3618 626 3656 e
643 3600 672 3656 f
682 3600 711 3656 f
717 3601 737 3657 i
756 3618 789 3657 c
806 3620 839 3658 e
854 3620 882 3658 r
900 3619 934 3658 e
950 3620 992 3658 n
1008 3611 1031 3658 t
1047 3621 1085 3658 u
1102 3591 1148 3658 r’
1173 3646 1187 3672 ‚
1298 3604 1520 3661 deinde
1620 3622 1823 3662 rursus
1913 3604 2500 3680 plusquamperfecta
2592 3611 2926 3677 sequuntur.

804 3811 843 3877 1)
883 3828 953 3864 ex
977 3811 1284 3866 Claudiano
1325 3813 1598 3867 eiusmodi
1625 3798 1879 3884 exempla
1903 3813 2083 3868 attulit
2125 3813 2326 3867 Birtius
2362 3813 2530 3882 praef.
2578 3831 2629 3882 p.
2678 3811 2930 3866 CCXXIII.

881 3901 1273 3956 Memorandus
1310 3919 1381 3956 ex
1429 3903 1565 3956 Tert.
1623 3903 1745 3972 ipso
1801 3905 1970 3970 locuS‚
2030 3919 2100 3956 ex
2154 3919 2262 3971 quo
2318 3903 2645 3956 variationis
2701 3901 2928 3957 studium

885 3991 1089 4060 optime
1152 3992 1325 4046 elucet
1380 3997 1489 4045 nat.
1554 3991 1668 4045 110
1729 3995 1800 4062 (p.
1861 3993 1944 4059 75,
2006 3992 2072 4046 16
2127 3993 2219 4056 R.)
2268 3988 2421 4061 ‘qui
2485 3992 2565 4045 de
2620 3991 2928 4061 pluribus

882 4081 1181 4149 suscipit
1218 4081 1543 4150 aliquem,
1586 4099 1752 4148 eum,
1802 4097 1998 4151 quem
2034 4099 2170 4136 non
2216 4082 2534 4152 suscipit,
2582 4075 2924 4151 despexit’.

883 4170 1065 4224 Vitare
1137 4170 1293 4224 vides
1366 4172 1758 4225 Tertullianum
1836 4164 2122 4241 ‘despicit'‚
2211 4171 2359 4240 quod
2445 4171 2600 4225 iuxta
2675 4160 2922 4239 ‘suscipit’

886 4260 1178 4313 molestum
1216 4265 1375 4316 esset.
