3157 4938
1229 346 1627 395 -0-..

231 518 525 591 perpauci
574 517 678 573 viri
725 516 888 571 docti
937 516 1308 589 susceperint
1356 532 1694 571 sermonem
1743 514 2216 571 Tertullianeum
2263 518 2600 571 accuratius

232 624 601 680 describere.
673 622 801 678 Nec
848 624 1063 686 iniuria
1108 622 1253 676 mihi
1318 640 1433 677 van
1492 623 1600 677 der
1648 614 1879 699 Vlietl)
1931 623 2320 677 contendisse
2369 624 2603 679 videtur

231 730 677 787 Tertullianum
724 732 920 786 minus
968 740 1179 785 notum
1228 747 1361 785 esse
1408 747 1587 801 quam
1638 730 2021 785 celebratum.

454 855 547 910 De
592 854 895 911 nonnullis
944 872 1092 910 sane
1137 855 1401 926 partibus
1433 854 1860 927 grammaticae
1901 855 2254 911 exstiterunt
2295 855 2400 911 viri
2435 850 2601 911 docti

229 964 339 1035 qui
420 964 801 1034 inquirerent,
878 962 1040 1017 velut
1115 960 1457 1035 Langenus‚
1552 963 1656 1033 qui
1734 962 1811 1015 de
1902 979 2011 1017 usu
2089 964 2603 1037 praepositionum

231 1071 475 1142 scripsit
524 1066 805 1145 (Monast.
866 1067 1026 1125 1868
1050 1067 1229 1145 —70)
1298 1076 1356 1123 et
1416 1067 1468 1144 J.
1537 1067 1924 1136 Schmidtius,
1990 1071 2090 1142 qui
2153 1071 2308 1126 duos
2373 1064 2602 1126 libellos

227 1178 314 1231 de
362 1178 536 1249 copia
582 1185 641 1231 et
703 1195 814 1233 usu
880 1179 1197 1233 verborum
1246 1176 1621 1249 conscriptos
1671 1176 1862 1231 edidit
1929 1173 2026 1251 (de
2089 1178 2380 1232 latinitate
2443 1175 2598 1231 Ter-

234 1282 470 1339 tulliani
518 1282 822 1357 Erlangen
894 1282 1269 1357 1870—-723
1335 1284 1412 1339 de
1474 1283 1786 1338 nominum
1850 1284 2174 1338 verbalium
2237 1284 2299 1338 in
2361 1291 2483 1338 -tor
2547 1291 2607 1339 et

231 1390 381 1444 ·trix
445 1390 851 1444 desinentium
915 1391 1079 1463 apud
1126 1388 1566 1445 Tertullianum
1630 1390 1803 1461 copia
1867 1397 1926 1443 et
1986 1391 2040 1445 vi
2103 1390 2181 1445 ib.
2257 1386 2464 1468 1878.)
2547 1397 2606 1445 et

230 1495 669 1563 Hauschilclus‚
719 1498 819 1568 qui
868 1498 945 1552 de
1010 1498 1326 1552 verborum
1387 1495 1745 1551 formatione
1816 1498 1937 1570 egit
2015 1494 2150 1561 (Die
2220 1495 2602 1553 Grundsiitze

230 1604 367 1657 und
434 1600 627 1657 Mittel
706 1602 813 1655 der
890 1600 1369 1675 Sprachbildung
1438 1603 1533 1657 bei
1604 1601 1679 1658 T.
1767 1600 1968 1676 Leipz.
2049 1600 2234 1676 1876,
2317 1600 2526 1679 1881).
2553 1594 2600 1680 2)

232 1709 471 1765 Primus
519 1717 719 1763 autem
768 1709 1130 1781 syntacticas
1180 1709 1499 1765 nonnullas
1548 1710 1932 1781 quaestiones
1981 1710 2253 1765 tractavit
2284 1710 2602 1765 Kellnerus

230 1814 419 1893 (Tiib.
501 1815 681 1870 theol.
764 1815 1223 1885 Quartalschrift
1306 1814 1406 1888 58,
1486 1836 1542 1889 p.
1625 1814 1747 1872 228
1822 1816 1933 1895 sq),
2029 1818 2129 1889 qui
2220 1818 2306 1872 vir
2387 1819 2604 1873 doctus

231 1936 440 1979 tamen
488 1940 826 1979 sermonem
874 1922 1228 1978 Tertulliani
1276 1925 1465 1997 magis
1514 1924 1840 1979 defendere
1901 1925 2089 1980 voluit
2157 1942 2334 1997 quam
2382 1924 2606 1979 descri-

231 2033 398 2086 bere.
522 2029 600 2085 Et
682 2031 870 2086 multo
946 2031 1157 2086 melius
1237 2048 1417 2103 quam
1494 2032 1594 2087 illa
1664 2032 2084 2087 dissertatione
2145 2031 2462 2087 Kellnerus
2529 2032 2605 2085 de

233 2136 617 2194 Tertulliano
662 2139 907 2194 meritus
955 2148 1046 2194 est
1093 2139 1481 2195 translatione
1529 2156 1639 2195 sua
1703 2135 1938 2215 (Colon.
1990 2140 2132 2213 Agr.
2195 2136 2403 2217 1882),
2452 2156 2605 2212 quae

230 2264 375 2301 meo
423 2246 667 2318 quidem
714 2246 939 2302 iudicio
1003 2248 1242 2319 egregia
1304 2254 1394 2301 est
1452 2253 1510 2302 et
1573 2264 1647 2302 eo
1709 2246 2065 2302 laudabilior
2127 2264 2246 2318 quo
2307 2247 2603 2301 difficilior

230 2362 383 2408 erat.
478 2352 1058 2410 Commemorandus
1108 2356 1329 2409 deinde
1361 2363 1452 2409 est
1480 2353 1790 2421 Blokhuis,
1833 2355 1934 2425 qui
1966 2355 2180 2410 librum
2213 2354 2599 2427 conscripsit:

234 2462 315 2515 de
349 2460 659 2529 latinitate,
710 2479 827 2534 qua
875 2479 1019 2517 usus
1053 2471 1143 2517 est
1178 2460 1251 2518 T.
1291 2462 1353 2519 in
1384 2462 1785 2536 apologetiCO,
1820 2444 2107 2518 Utraiect.
2143 2462 2378 2517 dissert.
2416 2458 2601 2534 1892,

234 2585 364 2622 non
412 2569 543 2622 sine
591 2569 903 2636 industria,
952 2571 1061 2624 sed
1108 2570 1283 2625 nimis
1332 2569 1698 2625 scholastico
1746 2587 1913 2624 more
1960 2587 2329 2643 progressus.
2392 2569 2602 2642 Longe

229 2674 605 2748 gravissima,
655 2691 807 2746 quae
854 2676 931 2730 de
977 2676 1203 2747 aliquot
1249 2676 1702 2746 quaestionibus
1749 2676 2150 2746 grammaticis
2217 2657 2295 2730 ad
2343 2683 2603 2731 aetatem

236 2781 598 2837 Tertulliani
667 2791 726 2836 et
805 2784 1001 2856 ipsum
1079 2783 1512 2856 pertinentibus
1585 2783 1924 2854 conscripta
1995 2790 2154 2849 sunt,
2225 2782 2604 2838 inveniuntur

232 2890 514 2962 dispersa
558 2891 622 2945 in
667 2888 1012 2982 Woelfflinii
1059 2891 1487 2964 promptuario.

456 3013 669 3071 Stilum
720 3014 1071 3071 Tertulliani
1120 3017 1346 3090 optime
1402 3015 1718 3088 descripsit
1779 3033 1896 3070 van
1959 3015 2065 3069 der
2111 3012 2273 3070 Vliet
2337 3015 2398 3069 in
2453 3015 2603 3070 libro

233 3139 421 3195 supra
498 3123 680 3176 citato
758 3129 817 3175 ct
892 3123 954 3176 in
1032 3123 1244 3177 studiis
1317 3121 1738 3177 ecclesiasticis
1816 3119 1842 3174 Ι
1919 3119 2114 3193 Lugd.
2193 3119 2326 3176 Bat.
2420 3118 2604 3192 1891,

234 3248 293 3302 p.
350 3242 583 3301 1—17.

330 3380 337 3389 .
409 3320 625 3391 'Idem
672 3337 756 3391 vir
822 3337 1037 3392 doctus
1085 3331 1383 3410 pollicitus
1447 3345 1538 3391 est
1597 3353 1660 3391 se
1720 3337 1797 3390 de
1847 3341 2132 3390 'sermone
2193 3333 2247 3389 T
2253 3336 2606 3392 ertullianeo

235 3443 627 3516 postmodum
675 3443 887 3496 librum
934 3443 1235 3498 editurum
1282 3459 1433 3498 esse.
1502 3441 1746 3498 Interim
1792 3442 1941 3498 haec
1990 3443 2068 3497 de
2114 3443 2229 3498 ista
2275 3460 2337 3497 re
2387 3444 2604 3512 studia,

237 3550 511 3623 quamvis
561 3549 677 3604 sint
723 3548 1071 3622 imperfecta
1118 3559 1176 3606 et
1220 3568 1330 3623 pro
1362 3550 1646 3605 materiae
1679 3550 2031 3606 difficultate
2062 3567 2296 3617 manca,
2340 3567 2374 3604 a
2405 3552 2608 3623 peritis

237 3675 379 3713 curn
425 3657 863 3725 benevolentia,
912 3674 1142 3729 precor,
1193 3657 1583 3730 excipiantur.

465 3903 505 3966 1)
566 3901 731 3954 sectie
782 3917 921 3954 voor
974 3901 1327 3966 letterkunde,
1384 3865 1756 3970 wijsbegeerte
1813 3919 1882 3955 en
1936 3901 2311 3972 geschiedenis
2362 3917 2472 3953 van
2519 3903 2612 3954 het

242 3991 587 4058 provinciaal
624 3991 933 4044 Utrechtsch
985 3993 1317 4059 genotschap
1368 4006 1505 4043 voor
1553 3993 1785 4044 kunsten
1836 4009 1903 4044 611
1947 3991 2403 4058 wetenschappen
2453 3989 2610 4058 1889,

283 4123 292 4132 .
335 4081 381 4132 2.

242 4097 277 4147 p
461 4171 502 4233 ⁶³)
561 4169 891 4224 Condamini
946 4171 1170 4223 librum:
1231 4170 1297 4222 de
1354 4168 1687 4222 Tertulliano
1745 4169 2075 4223 ohristianae
2131 4171 2348 4237 linguae
2404 4169 2610 4224 artifice

242 4257 406 4327 Lugd.
448 4259 564 4312 Bat.
611 4259 745 4312 1877
784 4260 1049 4328 inspicere
1088 4276 1201 4312 non
1238 4258 1405 4328 potui.
