3157 4938
1126 256 1561 321 -13-

380 434 821 516 (Marcion)
875 395 1233 497 fraudem
1280 441 1590 513 patitur
1637 438 1866 499 Marc.
1917 440 1944 496 1
1986 458 2058 515 15
2109 461 2232 513 ex;

376 564 787 637 negotium
833 564 1145 637 patitur
1192 565 1385 621 deus
1435 562 1666 621 Mare.
1717 566 1834 621 112
1885 568 1975 636 in;

373 691 597 745 deum
665 697 964 762 patrem
1036 722 1120 731 --
1187 707 1477 763 passus
1534 698 1655 747 est
1715 686 1780 767 (i.
1841 710 1891 747 e.
1965 693 2312 749 sortitus
2373 692 2524 773 est)

141 796 369 869 apol.
426 810 533 863 21;

370 922 653 977 mulier
702 954 785 962 —-—
836 940 1034 994 quae
1082 922 1328 978 virum
1376 940 1613 996 passa
1661 924 1757 979 sit
1802 924 1984 997 virg.
2033 925 2175 979 vel.
2231 939 2301 997 5;

371 1054 553 1120 post
614 1046 1193 1104 definitionem
1270 1064 1559 1104 census
1629 1050 2189 1121 quaestionem
2255 1054 2523 1107 status

140 1154 479 1227 patitur
526 1172 637 1212 an.
688 1170 762 1226 4;

359 1278 768 1351 proprium
813 1279 965 1335 iam
1010 1278 1425 1352 negotium
1471 1296 1761 1352 passus
1823 1298 2040 1336 meae
2098 1280 2523 1354 opinionis

141 1374 359 1461 (ἴδιον
408 1369 490 1455 ἥδ
495 1401 531 1454 η
577 1379 855 1459 πρᾶγμα
898 1370 1262 1450 πεπονθώς
1306 1380 1423 1456 τῆς
1468 1382 1624 1461 ἐμῆς
1667 1376 1964 1462 γνώμης)
2012 1388 2154 1461 virg.
2205 1388 2316 1445 vel.
2377 1404 2429 1445 1.

370 1501 695 1583 disponere
758 1504 833 1561 T.
905 1506 1205 1562 interdum
1274 1508 1491 1563 eodem
1555 1524 1735 1565 sensu
1805 1520 2050 1585 usurpat
2131 1530 2250 1585 quo
2301 1512 2520 1575 Graeci

142 1604 626 1669 διατίθεσθαι.

366 1752 521 1791 cum
598 1736 851 1809 igitur
927 1737 1003 1793 in
1050 1739 1419 1795 omnibus
1496 1756 1639 1795 nos
1733 1741 1978 1799 aliter
2055 1744 2510 1819 disponitis

142 1858 381 1914 quam
428 1850 745 1899 eeteros
794 1852 1187 1901 nocentes
1236 1846 1436 1918 apol.
1492 1860 1549 1903 2.

366 1964 837 2045 (haeretici)
888 1963 961 2025 et
1008 1967 1413 2027 Christum
1459 1972 1702 2028 aliter
1747 1973 2186 2048 disponere
2233 1978 2512 2047 eoacti,

140 2093 235 2130 ne
320 2076 727 2132 creatoris
805 2076 1227 2147 habeatur,
1316 2079 1394 2135 in
1468 2079 1646 2153 ipsa
1719 2082 1940 2154 prius
2019 2101 2258 2141 carne
2335 2086 2565 2142 eius'

144 2190 633 2239 erraverunt
680 2201 821 2240 res,
872 2202 1018 2241 car.
1073 2200 1129 2242 2.

370 2321 467 2363 10.
559 2306 736 2364 Nunc
780 2309 963 2365 venio
1011 2310 1091 2366 ad
1136 2327 1210 2367 ea
1237 2310 1435 2379 verba,
1484 2311 1701 2384 quibus
1733 2312 1964 2369 ratione
1996 2314 2238 2372 insolita
2263 2314 2504 2373 Graeco

143 2431 313 2469 more
342 2406 389 2492 ¹)
442 2411 820 2494 participium
868 2416 1253 2474 subiunctum
1301 2425 1413 2474 est.

365 2537 629 2596 Primum
675 2540 773 2596 hic
819 2541 1029 2598 afferre
1076 2560 1227 2616 opus
1276 2551 1400 2600 est:

363 2668 570 2733 fallere
631 2691 681 2729 e.
744 2681 893 2747 part.
954 2697 1042 2724 Ξ
1104 2664 1477 2732 λανθάνειν
1532 2694 1584 2732 e.
1649 2685 1820 2750 part„
1885 2680 1996 2736 etsi
2059 2681 2180 2736 iam
2228 2679 2398 2739 Livio
2452 2687 2515 2740 et

147 2777 427 2847 HoratiO,
475 2781 618 2852 ipsis
666 2797 906 2854 quoque
956 2779 1326 2838 Graecorum
1373 2783 1790 2852 imitatoribuS,
1842 2785 2126 2843 usitatum
2174 2797 2316 2846 erat.

362 2905 807 2979 passivitas
874 2903 1095 2962 fallit
1154 2907 1638 2965 obumbrans
1701 2913 2253 2985 corruptelam
2317 2931 2510 2971 con-

149 3013 501 3070 ditionis
549 3031 701 3072 cor.
750 3012 810 3069 8.

358 3142 664 3206 obducere
723 3146 997 3219 „proprie
1061 3152 1153 3200 est
1188 3123 1514 3202 'adducere
1588 3146 1650 3202 in
1713 3147 2072 3205 contrariam
2130 3159 2376 3224 partem,
2447 3163 2509 3212 et

147 3251 282 3310 hinc
334 3253 709 3310 Tertulliano
759 3253 879 3308 fere
924 3270 1033 3326 pro
1072 3253 1448 3321 convincere,
1483 3252 1796 3309 evincere“
1845 3253 2019 3312 Oehl.
2076 3257 2155 3312 ad
2197 3260 2354 3332 apol.
2389 3259 2508 3334 465

358 3396 495 3434 cum
554 3377 865 3452 participio
937 3375 1013 3433 T.
1084 3377 1203 3432 hoc
1263 3379 1509 3434 verbum
1573 3379 1744 3434 struit
1806 3388 1872 3436 ut
1935 3379 2150 3436 Graeci
2224 3375 2512 3460 ἐλέγχειν

155 3493 209 3541 et
254 3481 625 3561 ἐξελέγχειν.

362 3593 793 3649 obduceris
829 3609 1165 3666 corpore
1198 3609 1360 3648 eam
1410 3589 1542 3670 (se.
1587 3591 2035 3671 materiam)
2086 3594 2507 3650 infinitam

157 3699 467 3758 faciens
517 3697 884 3772 Hermog.
940 3699 1037 3770 38.

361 4035 402 4102 ¹)
440 4033 707 4088 nonnulla
732 4032 942 4102 collegit
966 4031 1277 4085 Kellnerus:
1316 4031 1556 4102 Sprachl.
1587 4031 2173 4100 Eigentiimlichkeiten.
2213 4047 2264 4099 p.
2291 4030 2396 4083 230
2421 4047 2502 4098 sq.

439 4121 520 4174 Ex
554 4120 711 4173 Livio
745 4120 999 4189 exempla
1036 4119 1308 4174 eiusmodi
1348 4120 1635 4190 graecismi
1673 4120 1898 4189 praebet
1924 4119 2291 4174 Kuehnastius
2313 4119 2484 4172 livian

440 4209 647 4278 Syntax
686 4227 735 4279 p.
778 4209 896 4262 268.
