3157 4938
1157 297 1599 360 —31—
1965 335 1988 352 Ι

392 495 428 532 c
448 496 485 532 o
503 497 543 532 n
561 495 588 533 s
609 486 631 532 t
650 496 684 532 a
701 477 844 534 bili
864 495 890 533 r
909 497 942 533 e
957 523 970 547 ‚
1021 480 1185 551 quod
1229 481 1473 536 verbum
1507 481 1876 536 comicorum
1909 489 2222 553 poetarum
2253 482 2559 556 proprium

195 584 403 650 fuerat,
456 580 621 639 Tert.
671 601 874 640 rursus
923 586 1003 640 ad
1035 585 1230 640 lucem
1263 588 1549 658 protraxit
1582 584 1715 643 Val.
1765 602 1873 642 12:
1924 587 2215 642 exinde
2262 605 2339 642 re
2360 587 2559 643 fecti

193 699 377 747 sunt
424 700 496 746 et
545 693 1072 748 constabiliti
1122 699 1339 760 sunt;
1391 710 1501 748 reS.
1538 705 1658 748 car.
1713 708 1742 748 2
1798 695 2008 749 sicut
2041 694 2245 749 enim
2295 701 2559 768 negata

187 799 467 854 carnis
538 799 1162 854 resurrectione
1230 801 1707 855 concutitur
1784 794 1894 880 (sc,
1969 802 2112 856 unio
2185 797 2554 879 divinitatis),

213 914 284 961 ta
333 906 762 961 vindicata
809 905 1418 962 constabilitur.

408 1011 491 1067 Ut
537 1012 944 1086 perspiciatur,
1010 1020 1380 1086 quantopere
1428 1012 1503 1068 T.
1572 1014 1719 1068 tales
1786 1013 2172 1070 formationes
2221 1033 2256 1071 a
2302 1033 2553 1089 praepo-

189 1120 410 1174 sitione
466 1108 634 1176 ‘cum’
688 1121 1040 1192 incipientes
1089 1121 1374 1187 dilexerit,
1434 1139 1557 1176 non
1609 1130 1927 1177 contentus
1976 1125 2060 1177 eis
2109 1123 2355 1190 voculiS,
2407 1139 2555 1195 quas

188 1231 456 1281 ¹vetustas
504 1227 557 1281 ei
604 1227 1040 1298 suppeditabat,
1090 1228 1408 1283 nonnullas
1442 1230 1826 1297 enumerabO,
1862 1247 2010 1302 quas
2044 1231 2171 1303 ipse
2204 1231 2316 1286 sibi
2350 1231 2549 1286 finxit:

403 1349 906 1388 concarnare
955 1331 1126 1408 (Tp.)
1177 1352 1292 1390 car.
1345 1333 1483 1391 Chr.
1541 1351 1656 1404 2o;

403 1439 1057 1496 confermentare
1106 1431 1174 1519 (ci
1228 1433 1473 1520 2.)Va1.
1530 1457 1601 1514 31
1628 1460 1639 1510 ;

372 1546 988 1603 conflabellare
1038 1538 1104 1619 (οἱ
1159 1538 1216 1620 λ)
1268 1557 1456 1621 spect.
1515 1563 1630 1622 25:

402 1654 1127 1727 compinguescere
1180 1647 1248 1730 (ά
1299 1647 1358 1730 λ)
1409 1674 1487 1713 an
1541 1671 1656 1728 25;

410 1753 1068 1839 ¹)contenebrare
1116 1754 1290 1840 (Tp.)
1339 1779 1598 1834 praescr.
1660 1777 1753 1831 12,
1802 1764 1959 1836 apol.
2016 1778 2045 1818 2
2072 1781 2085 1832 ;

399 1867 878 1922 conviolare
927 1861 1097 1947 (Tp.)
1145 1869 1301 1942 apol.
1357 1883 1479 1940 39;

402 1974 974 2031 conviscerare
1023 1964 1094 2054 (ἀ
1142 1967 1204 2049 λ)
1255 1993 1371 2032 car.
1424 1975 1563 2032 Chr.
1621 1989 1719 2032 20.

398 2079 638 2153 Ubique
699 2081 1062 2155 praepositio
1116 2076 1180 2138 ‘c
1199 2101 1236 2138 u
1255 2074 1340 2137 m’
1414 2083 1558 2138 nihil
1635 2084 1819 2140 efficit
1874 2086 1986 2140 nisi
2033 2086 2343 2141 notionem
2389 2086 2550 2140 verbi

189 2188 511 2261 amplificat
559 2196 617 2243 et
665 2195 846 2261 auget
891 2189 1110 2245 amissa
1155 2190 1643 2264 praepositionali
1690 2191 2145 2264 significatione.

400 2293 586 2351 Cuius
659 2312 801 2351 usus
881 2297 1217 2370 exemplum
1288 2299 1533 2371 praebet
1608 2316 1640 2353 c
1659 2316 1696 2354 o
1717 2318 1755 2353 n
1775 2315 1800 2353 s
1820 2317 1852 2354 c
1874 2300 1891 2353 i
1910 2317 2016 2366 re,
2098 2300 2261 2372 quod
2330 2301 2553 2373 primus

199 2401 480 2458 Horatius
575 2399 670 2477 (ex
757 2403 1039 2477 analogia
1114 2405 1315 2479 graeci
1387 2405 1548 2462 verbi
1627 2393 1898 2460 σύνοιδα
1973 2395 2255 2487 ἐμαυτῷ)
2320 2407 2552 2463 induxit

197 2528 299 2582 pro
370 2501 704 2566 ‘conscium
768 2511 879 2566 sibi
943 2500 1084 2567 esse’
1171 2506 1290 2591 (ep.
1351 2512 1376 2567 I
1441 2529 1492 2581 1,
1559 2511 1633 2568 61
1721 2512 1835 2568 nil
1916 2532 1942 2569 s
1965 2514 2072 2569 ibi
2152 2510 2550 2595 conscire),

197 2615 359 2673 Tert.
413 2634 565 2703 'vero
626 2634 733 2690 pro
815 2610 998 2673 ‘non
1056 2612 1436 2696 nescires
1470 2621 1805 2693 usurpavit;
1873 2638 1990 2675 car.
2043 2617 2178 2676 Chr.
2232 2635 2266 2690 3
2329 2616 2553 2693 ‘quid

204 2724 397 2779 tanti
465 2723 619 2778 fuit
685 2723 932 2779 edoce
995 2733 1069 2780 ut
1131 2727 1568 2781 consciens
1634 2723 2007 2781 Christus
2078 2727 2270 2798 quid
2334 2738 2553 2784 esset

201 2831 265 2884 id
314 2848 391 2885 se
439 2831 648 2902 quod
695 2848 850 2886 non
898 2840 1070 2887 erat
1118 2826 1602 2889 exhiberet?'
1696 2832 1795 2889 Sic
1843 2834 2123 2906 equidem
2169 2833 2323 2906 leg0.

395 2937 678 2993 Fortasse
751 2955 895 2993 sane
967 2938 1085 2995 hoc
1149 2940 1286 2995 loco
1347 2957 1484 2995 cum
1548 2941 1683 2996 cod.
1748 2940 1941 3014 Agob.
2017 2941 2397 2997 scribendum
2464 2950 2553 2996 est

197 3036 260 3098 ‘e
277 3045 317 3099 d
335 3063 372 3100 o
391 3063 422 3099 c
442 3063 475 3100 e
557 3062 594 3118 q
611 3064 648 3101 u
669 3064 706 3100 o
724 3047 765 3100 d
835 3063 861 3100 8
885 3047 1004 3101 cie
1021 3065 1062 3102 n
1081 3033 1158 3113 8’,
1252 3043 1447 3119 quam'
1508 3047 1829 3102 lectionem
1907 3045 2199 3103 Oehlerus
2278 3048 2553 3119 praetulit

193 3152 598 3207 emendationi
663 3152 939 3207 Rhenani
1006 3142 1016 3161 ‘
1040 3172 1076 3209 u
1099 3162 1121 3208 t
1191 3170 1223 3208 c
1242 3171 1278 3209 ο
1298 3172 1338 3208 n
1357 3170 1384 3208 s
1403 3170 1436 3208 c
1453 3154 1471 3210 i
1490 3172 1523 3209 e
1543 3172 1585 3210 n
1603 3142 1648 3209 s’
1718 3172 1788 3209 ex
1860 3155 2116 3210 lectione
2190 3154 2552 3226 reliquorum

203 3259 488 3324 codicum,
537 3260 639 3330 qui
682 3250 693 3269 ‘
723 3275 892 3314 cum
940 3276 965 3314 s
987 3261 1053 3315 ci
1075 3252 1234 3316 ens’
1289 3262 1594 3333 praebent,
1645 3262 1951 3317 collectae.

400 3380 457 3435 3.
555 3362 859 3445 Quoniam
930 3366 1007 3421 de
1078 3368 1268 3422 verbis
1343 3367 1791 3439 frequentativis
1870 3376 1929 3423 et
1998 3386 2033 3422 a
2108 3368 2552 3441 praepositione

199 3458 354 3527 ‘cum’
420 3472 843 3545 incipientibus
902 3474 1042 3541 dixi,
1109 3492 1271 3529 nunc
1336 3475 1625 3531 nonnulla
1686 3475 1799 3531 alia
1856 3475 2037 3531 verba
2094 3475 2334 3545 addam,
2400 3492 2554 3548 quae

192 3578 520 3650 priscorum
578 3580 626 3636 si
684 3598 808 3636 non
864 3580 1048 3653 ipsius
1096 3578 1292 3636 Plauti
1347 3582 1741 3638 imitationem
1798 3598 1939 3654 prae
2000 3598 2063 3636 se
2111 3581 2307 3638 ferunt
2353 3583 2443 3637 vel
2491 3583 2553 3637 in

187 3701 463 3744 ,sermone
511 3687 737 3760 vulgari
784 3686 1022 3743 Africae
1083 3705 1118 3742 a
1167 3687 1412 3742 comicis
1469 3687 1679 3760 priscis
1739 3688 2120 3760 dependente
2177 3687 2550 3743 duraverant.

364 3793 435 3847 bl
455 3793 610 3848 atir
630 3810 690 3861 e,
739 3794 984 3849 verbum
1031 3792 1372 3849 Plautinum
1422 3802 1497 3861 et,
1548 3795 1609 3849 ni
1659 3794 1847 3862 fallor,
1897 3794 2139 3867 vulgare
2188 3791 2289 3867 (cf.
2333 3794 2547 3867 Amph.

206 3912 254 3965 2,
308 3915 357 3967 1,
414 3914 493 3972 79
542 3900 656 3957 ita
702 3916 952 3973 nugas
1001 3900 1282 3969 blatis;
1345 3897 1520 3955 Cure.
1576 3915 1633 3971 3,
1694 3914 1743 3967 1,
1803 3905 1903 3972 13)
1963 3901 2117 3956 redit
2174 3901 2235 3957 in
2295 3908 2549 3957 tractatu

403 4056 442 4119 ¹)
501 4069 638 4108 cave
693 4070 818 4108 cum
875 4055 980 4108 hoc
1025 4053 1192 4107 verbo
1243 4054 1549 4108 confundas
1607 4055 2260 4120 contenebrescere,
2322 4056 2551 4108 verbum

495 4144 877 4212 impersonale,
954 4142 1102 4210 quod
1165 4143 1278 4195 iam
1336 4142 1484 4211 apud
1545 4142 1694 4195 Varr.
1755 4160 1794 4195 r.
1855 4160 1896 4195 r.
1959 4145 2019 4203 2,
2066 4145 2115 4209 2,
2178 4144 2243 4196 11
2302 4144 2549 4198 obvenit:

497 4248 737 4286 rursus
775 4236 1092 4301 pascunt,
1136 4232 1362 4300 quoad
1399 4232 1959 4286 contenebravit.
