3157 4938
1185 321 1625 384 -29-

426 503 625 576 Atque
672 503 790 560 huc
839 503 1011 561 traho
1059 504 1239 560 etiam
1284 503 1463 560 haec:

431 609 920 683 compulsare,
992 611 1226 667 etiamsi
1287 628 1359 665 ex
1423 611 1635 683 priscis
1704 611 2091 684 scriptoribus
2157 629 2285 668 non
2343 613 2575 680 citatur,

221 715 362 787 quin
426 715 545 772 huc
613 717 908 790 pertineat
975 735 1100 772 non
1170 716 1400 773 dubito.
1518 717 1835 790 Reperitur
1902 718 2062 773 enim
2131 719 2294 791 apud
2364 718 2573 792 Apul.

219 830 374 878 met.
449 835 505 894 7,
583 837 693 880 21:
763 823 1150 897 imaginem
1230 823 1465 879 suavii
1544 824 1969 880 mentiendo
2044 840 2167 880 ore
2250 825 2577 898 improbo

220 930 632 1002 compulsat
678 938 748 986 et
791 930 1170 998 morsicat,
1228 936 1290 985 et
1335 930 1398 984 in
1445 929 1733 986 translata
1780 929 2217 1004 significatione
2266 926 2382 1010 (=
2428 948 2576 989 con·

217 1029 488 1114 tendere)
537 1037 700 1110 apud
748 1035 912 1093 Tert.
962 1036 1143 1110 apol.
1199 1049 1281 1092 20
1327 1035 1597 1110 regnis
1645 1053 1870 1110 regna
1918 1038 2400 1110 compulsant.

430 1143 809 1211 cursitare,
868 1143 1037 1216 quod
1090 1160 1126 1198 a
1174 1139 1316 1199 Ter.
1376 1136 1555 1222 (Eun.
1612 1157 1666 1199 2.
1722 1157 1777 1212 2,
1828 1140 1959 1218 47),
2017 1141 2167 1200 Hor.
2223 1136 2359 1223 (sat.
2408 1143 2465 1198 ΙΙ
2514 1143 2574 1229 6,

222 1250 366 1323 107)
429 1247 592 1306 Suet.
655 1258 1023 1322 usurpatum,
1085 1249 1240 1306 redit
1300 1251 1461 1323 apud
1523 1247 1690 1307 Tert.
1748 1249 1933 1323 apol.
1987 1262 2066 1322 35
2134 1251 2574 1306 catervatim

217 1355 582 1412 cursitare
629 1356 717 1412 ad
763 1356 1095 1413 iniuriaS.

423 1461 770 1517 iactitare
825 1462 1084 1518 occurrit
1139 1463 1303 1536 apud
1367 1461 1500 1521 Liv.
1558 1476 1615 1536 7,
1682 1478 1737 1531 2,
1804 1461 1882 1518 11
1950 1462 2295 1536 significans
2358 1456 2575 1537 ‘palam

212 1555 458 1636 referre',
517 1566 635 1623 alio
691 1575 894 1624 autem
951 1584 1132 1625 sensu
1189 1571 1351 1643 apud
1432 1567 1629 1627 Tert.
1687 1587 1818 1626 res,
1879 1586 2019 1627 car.
2090 1566 2164 1624 18
2248 1570 2575 1644 agitatur

214 1675 280 1731 in
348 1675 620 1733 somnis
691 1681 762 1730 et
829 1675 1255 1745 iactitatur,
1313 1677 1415 1732 ubi
1484 1676 1649 1732 idem
1720 1675 1841 1732 fere
1911 1676 2066 1732 valet
2133 1685 2313 1750 atque
2369 1668 2573 1734 ‘occu-

216 1789 418 1855 patum
466 1773 634 1838 esse’.

420 1904 766 1961 quassare
824 1889 1130 1968 transitive
1185 1888 1396 1962 optimi
1451 1890 1772 1963 scriptores
1830 1899 2284 1965 usurpaverunt,
2340 1891 2572 1947 intran-

212 1995 375 2050 sitive
419 2003 622 2051 autem
668 1994 955 2069 imprimis
1001 1994 1182 2069 prisci
1228 1988 1446 2075 (Plaut.
1495 1995 1718 2055 Bacch.
1774 2011 1830 2066 2,
1882 2011 1941 2069 3,
1995 2009 2095 2070 71.
2174 1994 2355 2054 Caec.
2408 2015 2564 2055 com.

215 2099 359 2177 271)
407 2117 738 2174 eorumque
768 2101 1113 2171 imitatoreS,
1147 2104 1309 2160 velut
1338 2103 1515 2178 Apul.
1566 2097 1647 2184 (e.
1678 2122 1738 2179 g.
1773 2112 1919 2161 met.
1971 2118 2029 2176 3,
2061 2101 2140 2160 26
2189 2105 2570 2177 quassanti

212 2207 476 2281 capite;
536 2215 596 2263 et
653 2207 915 2282 saepius)
981 2216 1043 2265 et
1097 2209 1298 2267 Tert.
1365 2211 1509 2285 pall
1573 2225 1605 2266 2
1676 2209 1981 2279 ,Hadria
2047 2208 2573 2285 Tyrrhenoque

211 2314 784 2386 quassantibus‘.
1416 2311 1421 2314 ’

412 2419 554 2479 Non
607 2422 784 2478 nimis
847 2440 1042 2497 pauca
1102 2424 1279 2481 verba
1336 2424 1771 2498 frequentativa
1827 2424 2161 2482 imitatione
2216 2423 2396 2499 prisci
2444 2441 2566 2481 ser-

211 2529 400 2585 monis
445 2530 747 2585 adductus
797 2528 962 2587 Tert.
1013 2532 1124 2587 sibi
1165 2532 1296 2605 ipse
1327 2531 1512 2600 finxit,
1561 2533 1656 2588 vel
1702 2533 1867 2589 solus
1915 2532 2214 2589 eiusmodi
2261 2530 2568 2588 vocabulis

212 2651 349 2691 usus
395 2634 488 2690 vel
534 2636 779 2709 primuS.
875 2637 1110 2694 Affero:

420 2758 557 2798 cru
578 2742 843 2799 ditare
890 2737 1021 2824 (T.)
1067 2743 1225 2818 apol.
1277 2758 1337 2816 9,
1387 2761 1582 2818 scorp.
1634 2758 1691 2817 5,
1740 2744 1921 2801 ieiun.
1982 2742 2058 2801 16
2106 2744 2203 2813 in;

417 2849 837 2906 desultare
884 2842 954 2925 (ἁ
1007 2847 1068 2925 λ)
1117 2868 1215 2907 an.
1269 2864 1387 2922 323

418 2972 862 3013 excussare
908 2950 1023 3037 (ε.-
1070 2951 1353 3037 excitare)
1406 2949 1476 3039 [ἁ
1523 2948 1587 3037 λ]
1637 2958 1781 3031 virg.
1831 2958 1942 3015 vel.
1995 2971 2067 3030 7;

385 3058 860 3119 ·‘humanam
922 3063 1347 3120 libidinem
1409 3055 1799 3121 excussat‘
1879 3063 2123 3135 Pamel.,
2188 3066 2296 3123 sed
2343 3066 2567 3123 rectius

214 3166 460 3226 fortasse
505 3169 603 3225 alii
649 3149 857 3243 legunt
897 3161 1022 3226 ‘ex
1045 3160 1326 3240 cusat';

411 3277 795 3333 illectare
844 3272 957 3356 (=
1002 3278 1248 3352 illicere)
1299 3270 1368 3361 [ιὲ
1415 3270 1475 3359 λ]
1526 3277 1716 3334 Mare.
1767 3276 1824 3333 II
1877 3275 2002 3350 67;

412 3384 961 3440 obmussitare
1007 3376 1080 3463 (ἀ
1130 3379 1190 3457 λ)
1237 3384 1374 3459 pall.
1425 3401 1503 3457 43

411 3490 889 3563 dispectare
936 3483 1010 3570 (τὲ
1057 3487 1118 3565 λ)
1167 3488 1352 3548 Marc.
1403 3489 1460 3547 11
1517 3504 1629 3564 173

411 3595 987 3653 exhereditare
1033 3591 1209 3678 (Tp.)
1257 3598 1390 3655 exh.
1439 3606 1589 3655 cast.
1650 3613 1760 3668 123

411 3694 1814 3785 constrictare(ci).)Mare.11'161n3

412 3810 890 3867 obsoletare
937 3804 1070 3892 (T.)
1119 3828 1315 3885 scorp.
1368 3809 1439 3881 6;
1490 3812 1645 3886 apol.
1706 3826 1816 3885 153

412 3919 988 3992 supervectari
1045 3908 1115 3993 (οἱ
1163 3913 1225 3991 λ)
1272 3917 1432 3992 bapt.
1483 3935 1542 3991 4.

417 4038 470 4080 2.
557 4022 895 4097 Sequantur
941 4042 1103 4081 nunc
1149 4042 1222 4081 ea
1267 4021 1554 4084 vocabula
1602 4024 1961 4103 composita,
2009 4043 2163 4100 quae
2210 4043 2349 4084 eum
2394 4044 2567 4101 prae-

210 4129 500 4200 positione
549 4122 718 4190 ‘oum’
787 4131 1040 4188 formata
1095 4138 1238 4188 sunt
1291 4140 1352 4187 et
1407 4148 1563 4205 quae
1628 4132 1762 4205 plus
1824 4135 2022 4191 minus
2070 4134 2360 4208 simplicis·
2402 4134 2566 4191 verbi

213 4234 701 4308 significationem
748 4239 1092 4296 induerunt.
