3157 4938
1544 245 1990 310 -66-

799 433 1259 489 laciniosus
1341 432 1580 504 proprie
1658 438 1750 485 est
1827 431 2075 485 lacinias
2152 428 2380 483 habens
2444 428 2536 483 vel
2603 426 2939 495 fimbriatuS,

586 548 653 595 ut
700 542 894 613 saepis
926 539 1089 613 apud
1119 537 1378 594 Plinium
1427 530 1512 615 (n.
1562 537 1620 592 h.
1677 551 1775 609 25,
1835 552 1931 596 10.
1982 550 2083 608 32,
2136 532 2220 608 ὁ).
2314 533 2384 590 In
2428 534 2723 590 translata
2754 541 2938 589 autem

582 646 1040 719 significatione,
1107 646 1207 701 ubi
1271 654 1360 701 est
1418 635 1773 718 'impeditus'
1844 644 1933 699 vel
1990 638 2370 717 ‘implicatus’
2432 640 2593 698 Afris
2655 641 2939 715 peculiare

580 753 814 811 videtur
860 770 1013 809 esse.
1117 751 1294 825 Apul.
1344 758 1485 807 met.
1548 766 1600 818 1,
1656 766 1713 824 7,
1763 751 1866 806 ubi
1915 767 2062 806 sane
2111 758 2251 806 sunt
2297 750 2395 822 qui
2444 749 2649 822 legant
2691 736 2936 804 ‘lacu-

582 850 819 916 nosa'.
916 857 1081 914 Tert.
1131 860 1277 931 virg.
1327 857 1435 916 vel.
1484 874 1555 929 4:
1607 874 1865 912 sermo
1916 857 2374 913 laciniosus
2423 863 2498 911 et
2546 871 2937 911 onerosus

579 975 656 1022 et
718 982 970 1022 vanus
1034 973 1188 1031 est;
1262 962 1449 1019 Mare.
1514 961 1601 1018 IV
1677 964 1742 1019 1:
1816 964 2485 1037 compendiatum
2555 969 2682 1017 est
2755 962 2938 1017 enim

582 1090 865 1129 novum
942 1078 1528 1128 testamentum
1599 1078 1673 1125 et
1742 1071 1952 1145 legis
2023 1070 2462 1126 laciniosis
2557 1069 2935 1124 oneribus

579 1180 1077 1253 expeditum;
1148 1178 1227 1233 ib.
1303 1192 1410 1250 29:
1484 1177 1850 1251 expediti
1925 1194 2104 1233 esse
2173 1178 2262 1234 ab
2330 1175 2935 1249 impedimentis

580 1288 1039 1343 laciniosae
1084 1286 1301 1341 vitae
1348 1294 1426 1341 et
1470 1284 1954 1358 implicitae.

795 1393 1173 1449 natatilis
1220 1393 1296 1449 ab
1345 1392 1519 1466 Apul.
1568 1391 1780 1447 mund.
1836 1388 1914 1446 28
1965 1393 2028 1447 in
2082 1408 2330 1447 numero
2386 1390 2600 1465 plurali
2663 1389 2935 1445 substan-

578 1501 697 1556 tive
727 1497 1708 1573 usurpatur:‘natatilium'et
1741 1500 2256 1554 terrestrium
2312 1484 2661 1572 greges',
2713 1493 2933 1551 aTert.

576 1606 876 1662 adiective
945 1604 1236 1679 Hermog.
1314 1620 1431 1677 33:
1502 1603 1937 1662 ‘natatiles
2009 1612 2084 1661 et
2153 1605 2545 1661 volatiles
2595 1603 2933 1660 animae‘.

583 1714 683 1769 Ad
728 1712 1085 1769 africitatem
1131 1720 1292 1768 certe
1336 1713 1595 1787 pertinet
1641 1712 2002 1768 adiectivum
2031 1730 2071 1785 p
2090 1730 2170 1768 as
2189 1730 2216 1768 s
2237 1712 2256 1768 i
2275 1730 2366 1768 vu
2386 1728 2413 1767 s
2435 1755 2448 1780 ,
2498 1711 2575 1767 de
2622 1728 2745 1784 quo
2792 1718 2936 1767 recte

578 1819 1030 1877 Hildebrandus
1078 1820 1157 1876 ad
1205 1819 1381 1893 Apul.
1432 1827 1572 1875 met.
1627 1816 1685 1889 6,
1745 1833 1821 1875 10
1887 1820 2141 1877 iudicat:
2193 1804 2362 1875 eVox
2423 1819 2719 1893 passivus,
2784 1819 2936 1874 cuius

574 1927 799 2001 duplex
833 1935 925 1983 est
951 1927 1111 2000 apud
1139 1926 1459 1999 Apuleium
1485 1926 1842 2000 significatio
1869 1934 1930 1982 et
1955 1926 2104 1994 eiuoe,
2133 1925 2299 1998 quod
2321 1926 2443 2000 pati
2468 1933 2674 1999 potest
2698 1932 2759 1982 et
2784 1924 2935 1998 quod

576 2043 675 2089 est
705 2035 1134 2107 promiscuum,
1168 2051 1330 2088 mere
1359 2025 1640 2089 Afrorum
1671 2034 1913 2105 propria
1943 2032 2181 2088 videtur
2211 2049 2364 2100 esse,
2400 2051 2541 2089 curn
2565 2033 2732 2106 apud
2757 2031 2935 2088 solum
2985 2102 2988 2107 .

583 2140 925 2216 Apuleium,
977 2138 1437 2208 Tertullianum,
1486 2139 1821 2195 Arnobium
1868 2140 2061 2213 iisque
2110 2140 2472 2213 posteriores
2519 2126 2879 2196 inveniatur’.

800 2249 877 2303 ef.
944 2247 1118 2320 Apul.
1191 2247 1227 2302 l.
1300 2263 1381 2302 e.:
1461 2234 1833 2302 'seminum
1907 2248 2215 2303 istorum
2262 2247 2629 2321 passivam
2678 2262 2930 2319 conge-

583 2357 786 2423 riem;
849 2355 927 2410 ib.
996 2369 1054 2425 9,
1125 2351 1204 2425 36
1269 2354 1584 2427 passivis
1633 2355 2016 2410 morsibus,
2113 2352 2279 2411 Tert.
2326 2353 2440 2409 hac
2497 2370 2650 2409 voce
2718 2370 2932 2426 semper

584 2463 647 2518 in
710 2460 895 2518 altera
958 2460 1397 2534 significatione
1462 2460 1572 2535 (Ξ
1634 2462 2012 2531 promiscuus
2074 2462 2166 2518 vel
2230 2462 2436 2536 vagus)
2502 2463 2743 2518 videtur
2802 2478 2929 2517 usus

584 2589 737 2627 esse.
766 2563 818 2650 ¹)
911 2569 986 2625 cf.
1034 2577 1269 2642 praeter
1317 2569 1465 2625 alios
1514 2567 1683 2624 locos
1733 2585 1852 2625 car.
1905 2567 2043 2625 Chr.
2100 2585 2207 2642 24:
2251 2565 2500 2626 ‘alium
2549 2573 2663 2638 (se.
2715 2563 2928 2646 Jesum)

580 2679 857 2736 ceteris
922 2667 1338 2750 passivum',
1413 2676 1513 2732 ubi
1577 2674 1699 2731 fere
1761 2677 1922 2732 idem
1984 2677 2137 2733 valet
2199 2685 2379 2750 atque
2434 2660 2922 2734 ‘communem'

584 2785 676 2841 vel
719 2772 1179 2857 ‘vulgarem'.
1274 2791 1397 2839 nat.
1448 2782 1587 2866 11'1
1641 2801 1739 2840 ex:
1790 2792 1863 2839 ut
1911 2777 2333 2868 (divinitas.)
2399 2802 2632 2858 neque
2683 2783 2926 2841 fabulis

582 2893 914 2965 indignis
1009 2892 1568 2947 contaminetur
1646 2908 1875 2963 neque
1953 2891 2522 2964 adoptionibus
2604 2885 2924 2970 (Wissowa:

576 2992 1309 3077 adoptationibus)
1357 2999 1708 3072 passivis
1757 2988 2164 3055 iudicetur’.
2259 2996 2356 3053 Sic
2389 2999 2568 3076 etiarn
2599 2998 2929 3053 adverbium

596 3093 607 3106 '
634 3096 980 3178 passive’
1062 3122 1171 3177 pro
1241 3106 1467 3178 passim
1538 3106 1628 3161 vel
1698 3105 2044 3179 promiscue
2113 3106 2376 3178 positum
2446 3113 2562 3160 est:
2643 3105 2804 3161 ieiun
2871 3117 2926 3158 2:

588 3212 807 3284 ‘quae
872 3205 932 3290 (i.
993 3229 1043 3267 e.
1108 3206 1423 3291 stationes)
1488 3213 1779 3286 passive
1843 3202 2190 3268 currant'.
2299 3210 2426 3267 Nec
2489 3210 2661 3268 aliter
2727 3229 2816 3268 res
2875 3228 2930 3265 se

578 3319 765 3374 habet
833 3318 910 3373 de
982 3318 1359 3375 substantivo
1424 3307 1960 3393 'passivitas’,
2042 3319 2209 3392 quod
2277 3326 2471 3375 exstat
2539 3336 2648 3392 pro
2719 3319 2930 3375 ratione

574 3425 921 3498 promiscua
968 3425 1059 3480 vel
1106 3426 1532 3482 inconstantia.
1627 3424 1921 3500 Exemplo
1955 3427 2102 3482 sint:
2153 3444 2233 3481 an
2278 3441 2348 3498 4:
2399 3425 2930 3483 differentiae

572 3539 845 3587 autem
922 3549 1062 3587 sua
1137 3531 1509 3588 habendo
1589 3534 1770 3589 loca
1839 3539 1910 3588 et
1986 3541 2353 3605 tempora
2423 3532 2726 3590 habent
2792 3531 2927 3589 ali-

577 3638 901 3712 quando
949 3645 1024 3693 et
1069 3640 1594 3711 passivitatis
1644 3631 2136 3695 commercia’
2209 3637 2334 3712 (die
2380 3639 2782 3712 Reziprozitat
2839 3640 2931 3694 der

797 3813 842 3870 ¹)
881 3811 1157 3864 Arnobius
1194 3813 1300 3866 hoc
1340 3812 1613 3865 adiectivo
1653 3811 1821 3863 utitur
1857 3827 1955 3879 pro
1988 3809 2000 3822 ‘
2028 3807 2433 3880 passibilis'
2475 3811 2524 3876 2,
2576 3812 2680 3864 31:
2717 3809 2929 3879 ‘argu-

878 3904 1102 3954 menta
1164 3906 1332 3954 sunt
1394 3904 1706 3970 praestO,
1783 3900 2035 3968 quibus
2110 3901 2335 3953 anima
2395 3899 2686 3969 passiva
2745 3905 2930 3968 atque

879 3989 1271 4043 interibilis
1327 3981 1713 4044 invenitur'.
1804 3988 2008 4042 Contra
2045 3989 2205 4042 Firm.
2265 3990 2427 4043 Math.
2503 3990 2570 4043 de
2639 4007 2738 4044 err.
2806 3986 2927 4057 prof.

875 4080 965 4132 rel.
1025 4079 1073 4143 5,
1141 4082 1161 4130 1
1224 4078 1353 4132 dicit
1409 4075 1774 4147 ‘passivas
1833 4073 2300 4146 cupiditates'
2363 4095 2475 4144 eaS‚
2537 4096 2676 4148 quas
2739 4076 2929 4148 passim

876 4168 1131 4221 homines
1168 4172 1460 4221 sectantur.
