3157 4938
1204 327 1730 392 -53—-.

239 530 379 570 cum
433 513 497 568 in
559 519 687 569 tota
746 510 1038 568 latinitate
1100 529 1292 586 paene
1335 528 1635 585 nusquam
1682 519 1822 568 ante
1869 511 2051 569 Afros
2101 512 2607 587 deprehendatur,

236 627 297 676 et
341 618 681 675 observavit
724 618 1071 692 plerumque
1133 635 1266 674 eam
1323 617 1385 674 in
1445 618 1767 675 enuntiatis
1830 619 2107 676 finalibus
2172 629 2232 675 et
2292 619 2604 676 condicio-

237 725 474 782 nalibus
522 725 781 800 reperiri.

452 829 652 902 Quam
696 831 877 888 Blasii
923 831 1506 888 demonstrationem
1553 832 1850 888 confiteor
1878 831 2072 906 primo
2120 832 2334 889 obtutu
2382 832 2605 889 habere

236 940 465 1014 aliquid
535 956 656 1012 quo
726 939 922 1012 capiat
989 955 1104 994 nos
1166 946 1225 994 et
1271 939 1468 1011 ipsum
1536 954 1635 993 me
1702 937 1873 994 initio
1943 955 2015 996 ea
2082 947 2327 1012 captum
2397 938 2599 1005 fuisse,

235 1047 348 1104 sed
394 1046 679 1120 exemplis
727 1062 880 1118 quae
925 1045 1024 1101 ille
1069 1043 1378 1119 congessit
1422 1035 1697 1118 quaeque
1742 1044 1871 1118 ipse
1919 1044 2274 1103 addideram
2306 1047 2510 1102 denuo
2544 1045 2606 1102 et

231 1153 574 1210 accuratius
622 1152 974 1208 examinatis
1021 1151 1284 1208 intellexi
1331 1150 1486 1207 illius
1534 1150 1884 1225 opinionem
1946 1152 2375 1226 speciosiorem
2420 1169 2600 1225 quam

233 1259 527 1316 veriorem
595 1275 728 1315 esse
796 1266 856 1314 et
904 1255 1360 1324 Tertullianum,
1432 1257 1779 1331 ubicunque
1846 1249 1947 1315 illa
2025 1265 2298 1332 tempora
2374 1267 2605 1315 mutare

232 1365 524 1433 videatur,
597 1364 919 1421 discrimen
987 1371 1324 1437 temporum
1393 1364 1621 1438 optime
1689 1364 1913 1421 sentire
1988 1373 2048 1420 et
2114 1365 2176 1420 in
2254 1365 2601 1421 universum

232 1472 616 1546 aptissimum
663 1478 898 1544 tempus
947 1471 1141 1527 solere
1185 1487 1428 1544 ponere.
1536 1469 1610 1528 Id
1656 1487 1803 1527 sane
1849 1471 2105 1528 libenter
2150 1473 2427 1528 concedo
2475 1487 2603 1528 non

231 1595 472 1652 semper
535 1577 706 1634 facile
768 1595 902 1634 esse
962 1578 1228 1651 cognitu,
1295 1595 1401 1634 cur
1469 1579 1726 1652 scriptor
1787 1586 2057 1652 tempora
2122 1579 2600 1647 commutaverit,

231 1687 347 1742 sed
393 1686 743 1760 pierumque
791 1702 975 1742 causa
1022 1683 1344 1757 probabilis
1393 1685 1520 1740 erui
1566 1684 1805 1758 poterit.

448 1791 755 1849 Nonnulla
799 1793 881 1848 ad
924 1791 1280 1850 firmandam
1325 1807 1523 1847 meam
1569 1792 1928 1849 sententiam
1972 1791 2095 1847 iam
2123 1808 2287 1847 nunc
2330 1791 2602 1862 afferam,

231 1907 438 1957 cetera
485 1916 628 1956 vero
676 1898 931 1956 fortasse
975 1896 1302 1972 postmodo
1351 1897 1693 1954 accuratius
1740 1897 2175 1954 tractabuntur.

453 2004 530 2061 cf.
590 2004 748 2079 apol.
821 2002 896 2061 16
961 2021 1067 2061 ex:
1127 1999 1141 2019 ‘
1161 2003 1340 2060 haec
1402 2020 1491 2059 ex
1552 2003 1644 2060 ab
1663 2022 1701 2059 u
1721 2022 1761 2060 n
1778 2004 2006 2060 danti
2072 2000 2179 2080 (se,
2242 2000 2595 2082 attulimus).

231 2131 329 2169 ne
376 2113 546 2185 quid
593 2111 908 2168 rumoris
955 2111 1552 2185 inrepercussum
1622 2125 1715 2184 qu
1734 2111 1851 2168 asi
1920 2112 1962 2166 d
1982 2129 2016 2167 e
2085 2127 2279 2167 cons
2298 2111 2600 2167 cientia

229 2237 280 2294 p
299 2237 328 2274 r
343 2237 380 2275 a
396 2236 430 2274 e
448 2225 472 2274 t
487 2236 522 2274 e
537 2218 599 2274 ri
618 2234 646 2274 s
665 2235 692 2274 s
711 2235 820 2274 em
835 2237 875 2274 u
893 2210 940 2274 s’
957 2259 972 2274 .
1064 2215 1394 2292 Exspectas
1440 2216 1558 2273 hoc
1607 2217 1745 2274 loco
1790 2217 1956 2274 haud
2001 2217 2185 2274 dubie
2221 2209 2595 2291 ‘praeterire-

233 2319 409 2393 mus’‚
472 2325 582 2381 sed
625 2323 1277 2399 plusquamperfectum
1322 2323 1514 2380 multo
1561 2323 1869 2381 efficacius
1932 2332 2042 2392 est,
2108 2341 2246 2380 cum
2312 2324 2600 2398 exprimat

235 2419 346 2489 ‘ne
377 2433 383 2440 '
391 2432 746 2507 praeterisse
792 2421 1135 2489 videamur’.
1228 2429 1458 2488 Eadem
1507 2429 1630 2488 fere
1676 2449 1771 2489 res
1818 2439 1910 2489 est
1954 2433 2033 2489 de
2078 2432 2197 2489 hoc
2244 2432 2381 2489 loco
2404 2448 2417 2489 :

449 2539 586 2613 pall.
638 2554 672 2613 5
724 2548 910 2597 extr.:
947 2539 1422 2613 ‘margarita
1470 2556 1806 2612 namque
1853 2540 1973 2595 vel
2031 2539 2209 2614 ipso
2269 2540 2480 2595 nomi
2503 2556 2596 2595 ne

229 2664 365 2721 pre
389 2647 604 2702 tiosa
717 2645 1131 2712 dehausit‚
1227 2646 1507 2713 credo,
1614 2662 1711 2701 ne
1824 2646 2274 2703 mendicius
2366 2653 2600 2720 patre

228 2743 655 2810 coenasset'
674 2795 688 2819 ,
717 2752 946 2825 optimo
979 2751 1107 2808 iure
1130 2740 1484 2808 ‘coenasset’
1531 2751 1631 2808 hic
1660 2752 1925 2825 positum
1957 2760 2066 2821 est,
2102 2769 2228 2809 non
2251 2746 2595 2822 ‘coenaret’,

229 2878 375 2917 cum
407 2857 575 2916 Tert.
624 2858 951 2933 exprimere
996 2859 1172 2915 velit:
1214 2849 1316 2915 ‘ne
1360 2859 1698 2914 mendicius
1746 2867 1915 2932 patre
1961 2876 2254 2916 coenasse
2296 2861 2594 2917 diceretur

229 2968 330 3023 vel
378 2966 500 3023 dici
548 2955 786 3039 posset’.

449 3071 590 3129 Huc
637 3072 816 3129 etiam
861 3072 1034 3129 traho
1083 3073 1223 3130 cult.
1291 3073 1427 3131 fem.
1487 3072 1516 3128 I
1545 3087 1614 3129 2:
1682 3074 1799 3130 sic
1859 3080 2593 3130 remuneraverunt

230 3178 619 3258 (angeli),
667 3196 763 3235 ne
808 3179 924 3235 eis
971 3172 1037 3259 (i.
1088 3197 1141 3237 e.
1191 3177 1446 3259 feminis)
1496 3179 1957 3253 profuisset
2006 3179 2367 3238 felicitas
2418 3197 2595 3249 sua,

230 3288 374 3344 sed
450 3293 532 3342 ut
624 3285 1018 3342 devectae
1109 3287 1205 3343 de
1297 3286 1838 3360 simplicitate
1930 3293 2005 3343 et
2095 3286 2597 3344 sinceritate

234 3411 275 3451 u
297 3411 390 3449 na
436 3409 604 3448 cum
651 3391 851 3465 ipsis
899 3393 976 3447 in
1024 3392 1429 3450 offensam
1474 3394 1605 3450 dei
1651 3392 2201 3467 pervenirent.
2295 3391 2434 3450 Non
2467 3394 2597 3449 sine

233 3500 468 3556 ratione
516 3495 594 3555 T.
643 3498 741 3555 hic
787 3498 1025 3572 scripsit
1076 3494 1089 3509 ‘
1101 3487 1458 3573 profuisset',
1529 3500 1697 3574 quod
1766 3500 2062 3574 explicare
2124 3516 2444 3573 possumus
2494 3489 2597 3556 ‘ne

230 3607 320 3663 eis
369 3605 668 3680 profuisse
714 3594 1051 3662 videretur'.

451 3713 588 3770 Alia
657 3729 840 3769 causa
909 3713 1114 3769 subest
1181 3712 1245 3768 in
1301 3712 1658 3769 'huiusmodi
1728 3713 2015 3787 exemplis
2038 3730 2053 3771 τ
2126 3710 2313 3770 Marc.
2388 3711 2475 3768 ΙΙΙ
2511 3712 2544 3767 1
2559 3715 2587 3772 1

230 3826 312 3876 et
355 3820 641 3892 utique
698 3820 1090 3875 debuerat
1148 3819 1494 3893 phantas
1516 3820 1751 3877 matis
1813 3837 2129 3876 scenam
2194 3820 2594 3877 decucur-

234 3926 479 3994 risse,
573 3944 665 3982 ne
741 3926 1134 4000 originem
1229 3926 1499 3983 carnis
1590 3945 1750 3983 non
1842 3927 2369 3995 desaltasset,
2464 3926 2593 4000 qui

232 4049 658 4105 personam
706 4032 1228 4089 substantiae
1274 4032 1532 4107 ipsius
1583 4032 1914 4108 egisset.

446 4136 875 4197 Desideramus
993 4139 1091 4196 hic
1213 4132 1592 4209 ‘desaltaret’,
1719 4141 1830 4197 sed
1941 4139 2593 4215 plusquamperfectum

238 4234 632 4302 ‘desaltasset'
681 4253 1001 4303 attractum
1048 4256 1140 4304 est
1182 4248 1585 4322 praecedente
1628 4246 2217 4322 plusquamperfecto
2240 4234 2252 4249 ‘
2265 4220 2589 4304 debuerat:
