3157 4938
1524 288 1966 353 „75-

773 470 1165 539 iustitium,
1233 470 1496 539 verbum,
1565 471 1617 527 si
1683 471 1886 540 ullum,
1952 472 2189 529 forense
2251 470 2418 529 Tert.
2484 483 2746 547 usurpat,
2813 475 2919 531 ubi

562 575 803 650 poetico
873 577 1058 634 modo
1127 576 1431 645 describit,
1511 579 1819 650 quomodo
1897 578 2027 634 dies
2096 579 2351 636 intereat
2416 580 2479 635 in
2544 588 2727 637 nocte
2795 598 2915 638 res.

567 700 685 740 car.
743 698 849 740 12:
890 671 1190 756 'tibique
1237 683 1603 740 iustitium
1650 691 1790 752 est,
1840 685 2045 757 quies
2093 679 2370 742 rerum'.
2456 669 2460 672 ⁴

779 816 1259 873 interlocutio
1307 825 1399 874 est
1437 815 1870 890 ‘pronuntiatio
1933 818 2146 874 iudicis
2209 817 2377 875 ini-tio
2438 819 2717 876 mediove
2778 819 2919 887 litis,

567 939 721 996 quae
782 930 969 979 totam
1031 940 1277 979 causam
1341 942 1468 980 non
1527 923 1765 998 perimit
1832 923 2099 996 finitque,
2170 925 2280 980 sed
2348 943 2419 980 ex
2488 934 2655 999 parte
2722 926 2923 982 solum

564 1029 779 1085 definit
836 1036 896 1084 et
956 1020 1188 1086 indicat'
1243 1025 1612 1111 (Oehlerus);
1687 1027 1786 1104 (cs.
1859 1027 2097 1102 Ulpian.
2172 1032 2291 1104 dig.
2374 1047 2425 1100 1,
2496 1048 2556 1104 4,
2640 1047 2684 1086 1.
2764 1046 2785 1087 1
2858 1037 2923 1087 et

565 1133 732 1192 Paul.
783 1136 862 1192 ib.
923 1151 1026 1208 40,
1089 1149 1146 1210 5,
1215 1133 1343 1212 38).
1436 1136 1673 1210 Recipit
1720 1153 1857 1192 eam
1903 1136 2211 1192 notionem
2261 1136 2447 1204 Tert.‚
2519 1139 2619 1194 ubi
2682 1139 2924 1194 disserit

467 1311 471 1314 ι
566 1260 646 1298 an
723 1243 956 1299 incesto
1033 1243 1261 1300 homini
1335 1244 1776 1317 ignoscendum
1855 1244 1931 1299 sit
2004 1245 2129 1318 pud
2230 1258 2325 1315 14.
2423 1239 2501 1320 (p.
2587 1258 2711 1317 249
2790 1238 2920 1324 R.):

571 1356 971 1422 postrem0‚
1067 1351 1240 1424 quid
1331 1351 1646 1406 iudicem
1738 1349 2129 1423 indulgere
2220 1353 2634 1421 conveniet,
2730 1353 2926 1426 quod

567 1456 1173 1529 pronuntiatione
1229 1457 1620 1525 deciderit,
1711 1475 1798 1512 an
1865 1457 2056 1530 quod
2139 1458 2727 1516 interlocutione
2804 1477 2926 1515 su-

573 1564 968 1635 spenderit.
2820 1557 2825 1563 ⁵

783 1697 1223 1754 interversio
1255 1695 1413 1754 ICtis
1448 1698 1673 1754 crimen
1704 1699 2016 1772 peculatus
2050 1707 2141 1754 est
2174 1694 2333 1775 (cod.
2360 1698 2511 1775 Just.
2550 1713 2644 1766 10,
2678 1711 2778 1772 72,
2816 1714 2836 1753 1
2858 1713 2924 1756 2:

575 1819 782 1858 nemo
829 1821 1074 1858 eorum
1121 1804 1339 1860 semel
1397 1804 1469 1861 in
1524 1805 2053 1862 interversione
2110 1779 2491 1862 convictus
2548 1805 2622 1861 id
2676 1822 2927 1862 rursus

572 1908 906 1966 officium
967 1906 1230 1991 gerat).
1327 1909 1492 1967 Tert.
1566 1919 1768 1967 autem
1839 1913 2123 1968 translate
2191 1912 2307 1969 hac
2374 1929 2523 1968 voce
2587 1911 2789 1980 utitur,
2861 1919 2930 1967 ut

570 2015 691 2072 fere
769 2015 1063 2090 significet
1139 2018 1656 2078 adulterationem.
1778 2017 1962 2074 Mare.
2050 2017 2136 2073 ΙΙΙ
2217 2020 2282 2076 1;
2375 2019 2535 2075 illic
2628 2019 2928 2074 scilicet

568 2123 1190 2196 pronuntiandam
1259 2125 1558 2198 regulae
1635 2124 2248 2181 interversionem
2327 2125 2444 2182 ubi
2521 2126 2924 2199 posteritas

572 2231 966 2286 invenitur.

795 2363 1223 2420 laterculum
1272 2373 1362 2421 est
1407 2365 1610 2421 album
1657 2366 1925 2421 omnium
1957 2365 2291 2421 officiorum
2336 2364 2501 2437 (cod.
2536 2363 2685 2440 Just.
2730 2379 2781 2432 1,
2822 2376 2923 2437 27,

589 2487 642 2539 1,
703 2467 772 2525 18
823 2472 892 2527 in
953 2479 1209 2528 nostro
1271 2473 1668 2542 latercu103
1740 2472 1851 2529 ib.v
1898 2487 1948 2540 1,
2017 2485 2117 2543 30,
2188 2488 2251 2529 2:
2317 2489 2564 2528 omnes
2627 2472 2927 2529 minoris

580 2578 919 2635 laterculi
980 2578 1436 2653 dignitates).
1528 2578 1693 2637 Tert.
1761 2580 1991 2635 animas
2052 2578 2117 2634 in
2186 2579 2296 2635 tria
2362 2596 2584 2651 genera
2654 2578 2927 2634 dividens

579 2687 658 2742 de
704 2684 919 2742 choico
965 2704 1186 2761 genere
1231 2685 1289 2743 h.
1339 2704 1390 2743 e.
1440 2687 1519 2742 de
1565 2687 1735 2742 malis
1784 2686 1999 2743 animis
2047 2685 2195 2746 dicit
2226 2682 2358 2741 Val.
2398 2698 2506 2757 29:
2557 2702 2638 2740 ex
2686 2702 2929 2741 earum

581 2810 751 2866 ergo
830 2793 1188 2849 laterculo
1267 2801 1336 2849 et
1412 2792 1481 2848 in
1557 2810 1766 2866 reges
1837 2800 1905 2849 et
1972 2793 2045 2848 in
2112 2792 2537 2848 sacerdotes
2607 2791 2929 2865 allegare

583 2893 1230 2980 consuevernat‘(sc.
1277 2892 1687 2979 Demiurgus).
1800 2907 1922 2959 nat.
1977 2897 2006 2953 Ι
2076 2911 2180 2969 13:
2236 2896 2399 2983 ‘vos
2463 2905 2659 2953 certe
2720 2898 2925 2965 estiS‚

582 3008 701 3079 qui
778 3007 1000 3062 etiam
1076 3006 1146 3061 in
1218 3005 1651 3061 laterculum
1720 2998 1993 3079 septem
2064 3004 2351 3060 dierum
2422 3004 2645 3060 solem
2725 3020 2927 3060 rece-

581 3103 818 3187 pistis’
868 3113 972 3169 ubi
1017 3129 1209 3187 paene
1255 3112 1416 3168 idem
1463 3118 1555 3167 est
1600 3129 1673 3168 ac
1719 3128 2020 3171 numeruS.

792 3264 853 3302 m
864 3264 948 3302 an
961 3263 994 3301 c
1005 3264 1039 3303 e
1053 3264 1093 3319 p
1105 3262 1132 3301 s
1166 3244 1496 3320 appellatur
1527 3246 1871 3318 redemptor
1901 3244 2358 3318 publicanorum
2383 3243 2543 3300 velut
2565 3261 2602 3298 a
2619 3241 2930 3316 Papinian.

581 3353 704 3427 dig.
751 3350 848 3421 18,
903 3370 958 3421 2,
1011 3367 1121 3425 53:
1172 3352 1291 3426 qui
1341 3352 1745 3409 fideiussor
1792 3353 2082 3409 exstitit
2126 3352 2316 3425 apud
2360 3351 2759 3423 mancipem
2802 3366 2930 3423 pro

583 3459 853 3515 colono
899 3459 1357 3533 publicorum
1402 3459 1896 3532 praediorum,
1946 3476 2133 3531 quae
2179 3474 2521 3533 manceps
2568 3456 2631 3520 ei
2665 3455 2929 3513 colono

582 3567 878 3637 locavit,
951 3566 1052 3623 rei
1116 3567 1456 3639 publicae
1526 3584 1669 3622 non
1738 3572 2045 3626 tenetur.
2166 3564 2333 3621 Tert.
2417 3563 2668 3637 figurate
2745 3563 2925 3618 deum

582 3674 980 3747 mancipem
1055 3673 1386 3729 divinitatis
1464 3672 1735 3729 nominat
1814 3666 1996 3752 (apol.
2078 3672 2156 3727 11
2237 3664 2346 3750 in),
2440 3679 2500 3726 et
2582 3668 2929 3726 idololatras

589 3771 971 3836 ‘idolarum
1017 3768 1412 3854 mancipes’
1469 3775 1635 3861 (idol.
1694 3793 1713 3833 1
1772 3772 1891 3857 ex),
1958 3786 2017 3835 et
2078 3777 2468 3851 philosophos
2522 3762 2929 3849 ‘mancipes

584 3881 1012 3958 sapientiae‘
1089 3881 1235 3966 (nat.
1311 3886 1368 3942 II
1450 3904 1481 3945 2
1563 3880 1671 3966 in),
1766 3885 2025 3957 denique
2116 3884 2425 3940 diabolum
2490 3875 2931 3956 ‘mancipem

582 4009 692 4048 err
707 3984 873 4049 oris'
947 3987 1092 4074 (nat.
1154 3993 1182 4049 I
1246 4008 1283 4066 9
1354 3987 1460 4073 in).
1575 3991 1857 4049 Similiter
1901 3992 2083 4049 verbo
2129 3990 2472 4064 mancipare
2519 3988 2703 4045 utitur
2748 3996 2931 4063 spect.

585 4116 653 4171 4:
705 4092 1195 4179 (spectacula)
1245 4116 1429 4173 quae
1475 4098 1787 4156 diabolo
1835 4106 1909 4155 et
1952 4115 2261 4172 pompae
2308 4105 2379 4153 et
2425 4095 2713 4169 angelis
2770 4096 2929 4151 eius

583 4206 738 4262 sint
782 4207 1228 4281 mancipata.
