3157 4938
1238 311 1635 378 ..3.-

253 513 434 553 suum
478 495 786 570 ingenium
831 495 1116 570 imposuit
1161 503 1222 552 et
1266 494 1490 569 ubique
1535 495 1601 552 in
1646 495 1807 553 libris
1856 495 1985 552 eius
2025 513 2285 569 persona
2318 496 2625 570 scriptoris

253 601 538 659 cernitur.
563 593 610 678 l)

473 705 798 765 Coniuncti
845 713 1047 764 autem
1093 706 1156 763 in
1205 705 1582 765 Tertulliano
1638 715 1780 764 sunt
1840 725 1977 765 cum
2039 708 2451 784 philosophuS,
2516 711 2621 783 qui

254 817 450 872 varias
504 813 920 889 philosophiae
975 813 1314 887 provincias
1369 815 1706 888 peragravit
1761 822 1822 871 et
1866 823 2273 890 perscrutatus
2320 825 2429 886 est,
2494 825 2622 875 tum

253 922 596 996 theologuS,
667 921 769 994 qui
817 920 1156 976 doctrinam
1203 926 1261 976 et
1308 920 1689 995 disciplinam
1735 921 2120 979 christianam
2167 923 2435 980 funditus
2505 931 2624 980 tra-

255 1029 440 1086 ctavit
495 1035 556 1084 et
599 1027 694 1084 vix
767 1045 952 1084 unam
1021 1026 1354 1102 graviorem
1416 1027 1721 1102 religionis
1785 1027 2145 1087 christianae
2212 1031 2627 1104 quaestionem

254 1135 538 1210 neglexit,
637 1141 818 1208 atque
893 1134 1073 1191 etiam
1151 1135 1294 1190 iuris
1365 1135 1699 1204 consultus,
1782 1136 1881 1210 qui
1961 1135 2335 1194 Christianus
2414 1137 2627 1204 factuS,

253 1259 620 1317 quamquam
678 1241 887 1299 litteris
958 1241 1361 1298 saecularibus
1433 1242 1771 1315 studiisque
1842 1243 2095 1318 ethnicis
2166 1235 2625 1313 renuntiaverat,

255 1349 644 1407 nihilominus
705 1348 960 1422 vestigia
1016 1347 1230 1422 prioris
1288 1347 1444 1406 vitae
1491 1348 1746 1406 forensis
1794 1350 2055 1421 retinuit,
2114 1351 2236 1409 iam
2296 1354 2625 1410 advocatus

255 1458 400 1516 fidei
447 1455 825 1513 christianae.

471 1561 550 1619 Et
596 1564 768 1636 quod
822 1563 904 1618 ad
949 1561 1258 1636 ingenium
1305 1561 1609 1636 scriptoris
1674 1570 1734 1619 et
1787 1562 2047 1620 hominis
2108 1565 2341 1634 attinet,
2405 1565 2627 1640 ubique

253 1670 647 1748 perspicimus
695 1669 1006 1726 acritatem
1049 1669 1287 1738 mentiS,
1337 1686 1456 1743 qua
1500 1670 1829 1744 perductus
1873 1689 2003 1727 non
2049 1679 2283 1729 veretur
2323 1673 2626 1730 interdum

253 1781 323 1838 in
369 1775 675 1852 captiones
724 1794 790 1833 se
835 1777 1086 1834 induere
1131 1776 1455 1850 spinasque
1485 1777 1720 1847 vellere,
1770 1784 1831 1834 et
1873 1777 2221 1835 facultatem
2252 1779 2622 1854 imaginandi

255 1887 426 1943 haud
498 1886 824 1960 vulgarem,
903 1902 1023 1959 qua
1099 1892 1512 1942 commovetur
1589 1893 1657 1942 ut
1731 1885 1829 1942 hic
1904 1886 2023 1943 illic
2092 1887 2274 1944 fidem
2343 1889 2625 1962 augendo

254 1993 620 2067 superiaciat
664 2011 738 2050 ac
783 1993 1003 2050 nimius
1052 1993 1129 2049 sit
1174 1993 1238 2049 in
1269 1992 1683 2050 describendis
1716 1994 1895 2052 rebus
1930 1993 2318 2063 foedioribus,
2366 1995 2628 2068 denique

252 2102 526 2158 animum
573 2100 864 2157 fervidum
911 2107 1092 2173 atque
1145 2101 1491 2170 violentum,
1557 2102 1660 2174 qui
1705 2119 1832 2159 non
1880 2101 2019 2158 sinit
2066 2119 2203 2158 eum
2251 2102 2454 2176 quieto
2502 2109 2623 2159 tra-

255 2209 463 2264 ctandi
518 2208 610 2264 vel
669 2207 1118 2282 contemplandi
1180 2225 1400 2282 genere
1470 2224 1598 2264 rem
1666 2226 1844 2282 agere
1906 2209 2017 2264 sed
2078 2208 2201 2265 fere
2257 2226 2493 2283 semper
2546 2209 2628 2265 ad

251 2315 545 2388 impetum
593 2333 730 2372 eum
776 2315 1004 2385 incitat,
1054 2315 1236 2372 etiam
1281 2315 1383 2372 ubi
1431 2315 1681 2389 aequius
1730 2315 1841 2372 fuit
1887 2315 2243 2372 defensione
2289 2317 2395 2373 uti.

470 2421 548 2479 Et
617 2439 757 2480 cum
823 2440 951 2480 non
1017 2422 1257 2497 ignoret
1312 2422 1541 2497 optima
1610 2423 1729 2480 tela
1798 2422 2085 2481 orationis
2149 2439 2285 2481 esse
2346 2423 2501 2481 sales
2567 2430 2628 2481 et

252 2506 638 2598 derisionem,
652 2547 894 2587 omnem
919 2530 1429 2604 opportunitatem
1461 2538 1664 2605 captat
1693 2530 2001 2599 irridendi,
2033 2531 2305 2600 ludendi,
2336 2531 2615 2601 iocandi;

251 2636 366 2692 sed
457 2637 596 2693 licet
669 2637 1019 2710 plerumque
1097 2638 1396 2710 legentem
1464 2638 1741 2705 delectet,
1820 2637 2123 2693 interdum
2200 2638 2289 2694 sic
2357 2639 2623 2695 abutitur

251 2744 481 2817 ingenii
525 2744 824 2812 acumine,
873 2751 940 2799 ut
984 2761 1197 2817 parum
1242 2743 1500 2817 graviter
1546 2751 1607 2799 et
1652 2743 1851 2799 sobrie
1896 2750 2038 2817 agat
2083 2744 2175 2800 vel
2208 2758 2411 2801 amara
2442 2745 2621 2801 urba-

258 2852 449 2908 nitate
495 2852 765 2908 animum
811 2851 1101 2907 offendat.
1169 2888 1174 2891 -

470 2957 785 3015 Praeterea
840 2966 1041 3015 autem
1089 2958 1281 3015 oratio
1330 2958 1459 3030 ipsa
1504 2957 1597 3013 vel
1645 2957 1813 3013 stilus
1860 2956 2119 3031 insignia
2185 2957 2369 3014 animi
2418 2956 2628 3014 fervidi

252 3071 319 3121 et
363 3065 445 3121 ad
488 3066 778 3139 impetum
822 3066 1104 3139 propensi
1149 3082 1294 3139 prae
1341 3082 1406 3121 se
1455 3064 1583 3120 fert.
1662 3063 1813 3120 Fere
1860 3081 2095 3137 semper
2142 3064 2302 3119 enim
2349 3065 2625 3122 brevibus

255 3171 580 3239 enuntiatis
628 3173 830 3240 utitur,
895 3189 1076 3246 saepe
1130 3171 1398 3245 abruptis
1464 3171 1796 3239 sententiiS,
1854 3172 2124 3246 partibus
2181 3171 2629 3229 enuntiatorum

250 3278 448 3351 magis
495 3279 660 3334 iuxta
707 3278 919 3352 positis
967 3294 1148 3351 quam
1204 3278 1358 3334 inter
1415 3294 1480 3333 se
1538 3278 1898 3334 coniunctis.
2006 3276 2083 3333 Et
2128 3286 2195 3334 ut
2241 3287 2333 3336 est
2378 3280 2441 3336 in
2497 3297 2628 3335 om-

253 3383 436 3440 nibus
483 3385 624 3441 artis
672 3384 1006 3441 rhetoricae
1050 3385 1316 3458 partibus
1364 3384 1521 3441 bene
1568 3386 1858 3454 erudituS,
1892 3386 2112 3453 omnia,
2157 3402 2313 3458 quae
2358 3386 2628 3443 rhetores

255 3490 544 3546 adhibere
605 3492 880 3547 solebant
937 3490 1015 3547 ad
1082 3492 1420 3547 orationem
1466 3491 1803 3548 ornandam
1849 3499 1909 3547 et
1954 3491 2429 3561 illuminandam,
2495 3494 2627 3549 ubi-

477 3700 516 3764 1)
555 3699 674 3753 Hac.
707 3699 766 3751 in
801 3715 860 3752 re
898 3698 1182 3753 consentio
1222 3715 1346 3752 cum
1392 3698 1591 3765 Hollio,
1643 3699 1735 3767 qui
1788 3698 1855 3753 de
1904 3699 2166 3768 scriptore
2202 3700 2533 3753 Tertulliano
2571 3700 2629 3753 in

252 3788 554 3841 annalibus
590 3788 914 3853 BorussiciS‚
958 3786 1112 3854 1897,
1153 3805 1206 3856 p.
1246 3788 1353 3842 263
1391 3788 1471 3843 sic
1509 3788 1755 3843 disserit:
1818 3788 2176 3855 „Tertullians
2214 3788 2628 3857 eigentiimliche

252 3877 778 3931 schriftstellerische
814 3876 988 3931 Kunst
1041 3878 1114 3931 ist
1161 3878 1311 3932 nicht
1360 3878 1416 3931 in
1467 3877 1562 3931 der
1600 3878 1797 3933 Schule
1837 3878 2067 3947 gelernt;
2126 3877 2207 3931 sie
2255 3881 2479 3931 stammt
2526 3893 2628 3932 aus

261 3966 387 4019 dem
446 3965 671 4034 eigenen
720 3966 942 4033 Genius,
1001 3967 1151 4021 einer
1207 3966 1451 4021 seltenen
1497 3966 1849 4036 Verbindung
1904 3984 2017 4020 von
2072 3965 2457 4020 Leidenschaft
2512 3966 2629 4020 und

258 4054 592 4121 Scharfsinn,
659 4073 771 4109 von
825 4058 987 4111 rasch
1033 4057 1486 4111 aufflammender
1533 4057 1911 4127 Erregbarkeit
1964 4056 2079 4111 und
2134 4056 2391 4125 heftigem
2448 4056 2631 4127 Drang

254 4144 378 4198 sich
439 4143 878 4211 durchzusetzen,
941 4146 1058 4199 und
1119 4146 1199 4199 sie
1249 4146 1442 4201 beruht
1502 4147 1602 4201 auf
1659 4146 1809 4209 einer
1868 4144 2243 4216 tiefgehenden
2294 4146 2455 4200 Welt-
2514 4146 2630 4199 und

259 4234 828 4289 MenschenkenntniS.
