3157 4938
1560 317 2002 380 „74—

595 506 794 556 autem
871 500 1082 555 latiore
1158 516 1340 555 sensu
1409 501 1486 555 de
1552 517 1646 567 e0‚
1734 500 1833 572 qui
1905 517 2109 559 verum
2178 501 2406 573 aliquid
2476 517 2607 557 esse
2675 508 2965 557 testatur:

596 603 784 663 Marc.
856 604 942 660 IV
1017 619 1088 679 7:
1196 607 1599 680 indignum
1670 608 1989 680 denique
2067 615 2152 663 ut
2221 607 2587 663 Romulus
2668 609 2963 681 quidem

597 729 945 768 ascensus
994 712 1104 768 sui
1152 713 1226 768 in
1275 713 1553 769 caelum
1600 712 1950 770 habuerit
1981 713 2375 771 Proculum
2408 712 2958 770 affirmatorem.

804 820 1180 875 causatio
1228 836 1338 893 pro
1377 812 1723 876 ‘excusatio'
1777 820 2023 877 obvenit
2069 822 2233 894 apud
2280 819 2459 876 ICtos
2508 828 2568 876 et
2616 819 2782 876 Tert.
2818 821 2965 879 idol.

607 939 679 981 12
748 922 826 1002 (p.
891 941 973 999 43
1036 924 1161 1004 R.):
1255 928 1582 1000 exempla
1649 928 2048 984 adimentia
2110 928 2259 984 tibi
2330 944 2627 983 omnem
2697 945 2961 984 causa-

597 1033 929 1113 tionem;j
996 1047 1120 1088 cor.
1211 1050 1290 1089 m.
1383 1033 1459 1089 11
1535 1050 1637 1090 ex:
1719 1035 2079 1090 subvertit
2154 1042 2380 1091 totam
2461 1034 2963 1091 substantiam

599 1140 1048 1196 sacramenti
1095 1140 1434 1197 causatio
1483 1142 1879 1210 eiusmodi;
1931 1150 1990 1197 et
2038 1143 2293 1215 saepius

812 1247 1328 1304 collactaneus
1409 1243 1518 1323 (vel
1600 1247 1989 1324 collactanea)
2072 1245 2129 1324 (i.
2205 1266 2259 1305 e.
2332 1249 2401 1317 is,
2484 1264 2662 1321 quem
2748 1249 2965 1306 eadem

597 1353 794 1408 nutrix
841 1352 1058 1432 alebat)
1130 1354 1495 1428 scripserunt
1550 1355 1749 1428 plures
1795 1351 1921 1411 ICti
1977 1356 2137 1411 velut
2194 1354 2486 1411 Scaevola
2547 1350 2689 1431 (dig.
2744 1369 2847 1427 34,
2900 1372 2962 1426 4,

602 1472 703 1530 30,
762 1456 815 1537 1)
875 1468 934 1515 et
991 1458 1285 1534 Ulpianus
1345 1455 1488 1536 (dig.
1550 1475 1655 1534 40,
1724 1475 1779 1530 2,
1848 1459 1965 1537 13),
2039 1463 2220 1518 etiam
2284 1460 2474 1530 Tert.,
2547 1463 2650 1538 ubi
2719 1462 2967 1535 exponit

597 1567 858 1622 animam
890 1569 1186 1624 artissime
1231 1585 1370 1627 cum
1419 1586 1672 1642 corpore
1716 1569 1985 1624 iunctam
2032 1585 2191 1624 esse:
2241 1585 2354 1626 res,
2407 1586 2526 1629 car.
2576 1567 2693 1641 63:
2744 1569 2967 1624 habet

601 1669 902 1748 (anima)
949 1676 1555 1743 instrumentum,
1606 1675 1827 1731 habet
1875 1676 2174 1744 cultum,
2232 1675 2461 1732 habet
2518 1677 2966 1758 mancipium

599 1795 830 1849 suum,
881 1797 1201 1849 carnem;
1253 1789 1326 1836 ut
1379 1781 1854 1836 collactanea
1900 1781 2399 1838 comitabitur.

818 1890 1265 1955 concussiO,
1344 1889 1421 1943 de
1498 1877 1618 1960 qua
1686 1905 1835 1944 voce
1892 1884 2186 1944 Oehlerus
2257 1889 2337 1944 ad
2406 1887 2619 1945 librum
2688 1887 2768 1944 de
2824 1888 2967 1961 suga

603 1993 640 2048 i.
691 2011 749 2067 p.
810 2009 882 2050 12
933 1995 1213 2052 adnotat:
1255 1984 1438 2052 ‘ICtis
1487 1995 1812 2053 concussio
1848 1996 2067 2051 dicitur
2099 1997 2343 2063 crimen,
2392 2011 2512 2068 quo
2546 1996 2678 2068 quis
2715 1995 2969 2050 alterum

599 2099 803 2156 illicite
849 2108 1029 2157 terret
1075 2103 1432 2158 intentanda
1462 2103 1853 2158 accusatione
1882 2103 2169 2176 gravioris
2202 2103 2465 2158 criminis
2497 2102 2589 2157 vel
2622 2101 2967 2157 simulando

601 2207 764 2264 iussa
831 2217 935 2265 aut
992 2210 1186 2266 minas
1255 2210 1731 2282 magistratuum,
1802 2216 1871 2265 ut
1938 2209 2017 2265 ab
2089 2227 2163 2265 eo
2231 2209 2551 2283 pecuniam
2618 2215 2969 2280 extorqueat

597 2316 844 2388 periculi
892 2319 1118 2374 vitandi
1166 2309 1385 2375 causa'.
1480 2317 1574 2373 De
1624 2333 1743 2390 quo
1793 2318 2039 2373 crimine
2087 2318 2211 2390 agit
2258 2318 2461 2374 titulus
2510 2315 2653 2374 XIII
2700 2317 2821 2389 dig.
2856 2328 2965 2388 47,

601 2423 704 2480 ubi
768 2421 1063 2496 Ulpianus
1122 2430 1182 2480 et
1235 2423 1441 2481 Macer
1502 2423 1848 2481 afferuntur.
1946 2421 2113 2480 Tert.
2188 2424 2423 2499 saepius
2484 2423 2603 2481 hoc
2671 2422 2969 2479 vocabulo

598 2546 742 2586 usus
801 2538 910 2598 est,
979 2532 1142 2587 velut
1208 2531 1364 2605 apol.
1429 2544 1460 2603 7
1531 2527 1610 2606 (p.
1678 2544 1795 2604 137
1850 2526 1984 2606 O.):
2064 2539 2175 2587 tot
2243 2531 2493 2588 hostes
2560 2530 2721 2586 eius
2792 2537 2965 2602 quot

597 2638 952 2706 extranei,
1012 2646 1080 2693 et
1138 2638 1424 2711 quidem
1491 2638 1790 2711 proprie
1846 2655 1927 2693 ex
1974 2638 2476 2694 aemulatione
2532 2635 2830 2714 judaei,
2881 2653 2966 2691 ex

596 2744 1098 2800 concussione
1144 2744 1451 2812 milites;
1502 2743 1676 2817 Scap.
1728 2760 1787 2815 4.
1841 2757 1898 2816 5.

810 2851 1346 2924 contemplatio
1403 2852 1565 2924 apud
1613 2849 1789 2907 ICtos
1838 2856 2037 2907 exstat
2091 2868 2199 2925 pro
2247 2858 2522 2925 respectu
2570 2850 2663 2906 vel
2709 2850 2964 2919 ratione,

595 2964 662 3013 ut
708 2975 802 3030 ap.
852 2956 992 3031 Ulp.
1055 2957 1178 3031 dig.
1231 2972 1287 3030 3,
1342 2972 1398 3030 5,
1463 2970 1519 3029 5,
1573 2955 1609 3013 8
1676 2954 1767 3013 ‘si
1815 2958 2112 3031 quidem
2168 2956 2801 3032 contemplatione
2859 2956 2965 3011 tui

591 3066 894 3137 negotia
939 3066 1170 3140 gessi3
1221 3068 1384 3139 quod
1431 3067 1659 3140 recepit
1707 3064 1873 3124 Tert.
1924 3066 2081 3140 apol.
2135 3080 2216 3139 39
2268 3061 2345 3142 (p.
2396 3062 2516 3137 265
2554 3060 2686 3137 O.):
2735 3081 2962 3138 penes

523 3186 536 3207 ·
593 3170 804 3227 deum
850 3173 1082 3229 maior
1129 3182 1241 3229 est
1289 3174 1824 3248 contemplatio
1869 3175 2378 3230 mediocrium.

805 3279 1179 3337 delibatio
1236 3282 1380 3354 quid
1436 3282 1603 3355 apud
1648 3280 1827 3337 ICtos
1876 3282 2189 3355 significet,
2262 3282 2461 3337 discas
2523 3298 2560 3336 a
2616 3278 2967 3335 Florentino

590 3385 712 3459 dig.
789 3399 890 3457 30,
971 3386 1118 3444 116:
1191 3382 1563 3461 ‘legatum
1640 3396 1751 3444 est
1831 3389 2195 3445 delibatio
2270 3387 2751 3454 hereditatis,
2830 3402 2968 3459 qua

589 3500 909 3549 testator
966 3512 1045 3549 ex
1116 3512 1225 3563 e0,
1305 3496 1499 3569 quod
1566 3496 1997 3551 universum
2066 3495 2369 3551 heredis
2436 3492 2657 3562 foret,
2737 3493 2962 3549 alicui

590 3600 762 3673 quid
840 3600 1202 3657 collatum
1272 3592 1494 3658 velit'.
1636 3601 1803 3659 Tert.
1882 3603 2184 3659 abstracto
2260 3618 2370 3675 pro
2448 3608 2734 3656 concreto
2812 3616 2960 3655 usus

589 3705 832 3780 scripsit
878 3724 991 3763 res,
1044 3726 1160 3765 car.
1218 3722 1249 3781 7
1303 3710 1392 3766 in:
1459 3700 1656 3782 ‘ipsa
1703 3709 2060 3766 delibatio
2108 3700 2441 3764 masculi’
2500 3722 2609 3780 pro
2650 3700 2964 3780 ‘ipsum,

587 3814 786 3885 quod
861 3831 898 3869 a
981 3815 1305 3872 masculo
1377 3817 1781 3873 delibatum
1848 3810 2006 3872 est'.
2119 3812 2347 3872 Contra
2422 3813 2789 3871 abstractum
2870 3820 2963 3870 est

585 3917 774 3977 Marc.
824 3918 852 3975 I
905 3934 1018 3978 22:
1088 3905 1331 3978 ‘homo
1389 3924 1794 3980 damnatur
1840 3924 1911 3979 in
1968 3930 2268 3979 mortem
2333 3922 2422 3979 ob
2477 3921 2693 3977 unius
2747 3920 2965 3978 arbu-

586 4027 837 4085 sculae
883 4026 1467 4099 delibationem',
1517 4039 1576 4087 et
1623 4028 1757 4087 Val.
1809 4028 1879 4087 6:
1932 4022 2269 4086 ‘omnino
2321 4028 2460 4086 erit
2506 4027 2966 4084 delibatione

585 4126 1169 4193 transfunctoria
1224 4127 1730 4212 expugnatio',
1804 4138 1904 4193 ubi
1974 4154 2168 4211 paene
2236 4136 2398 4192 idem
2473 4134 2671 4191 valere
2729 4137 2965 4191 videtur

583 4243 751 4315 quod
799 4245 1318 4301 commemoratiO.
